3184 5325
855 333 899 394 44

305 501 611 568 ualibusoriasuni.
632 501 901 581 NamIivXXX,
925 505 977 583 17,
999 500 1230 568 sennaser
1239 501 1343 569 bouus
1354 503 1451 586 dixit,

305 609 472 675 decretum
493 629 586 686 esse,
611 614 649 673 ut
670 608 800 673 Laelius
820 608 943 673 Romae
963 609 1177 689 reflueretur,
1206 608 1284 675 dum
1308 609 1452 675 Cartba-

305 717 498 800 giniensium
521 717 622 800 legali
642 716 806 797 renuent,
827 716 915 781 unde
934 722 1089 799 apparet,
1111 736 1167 782 eos
1186 720 1254 802 jam
1286 739 1357 784 csse
1391 740 1452 784 ex·

307 829 489 908 spectatos3
510 830 624 889 centn
645 823 745 904 XXX,
768 826 821 903 21,
845 827 884 888 ll
908 823 1020 889 laelio
1040 823 1172 888 dmrisso
1193 823 1293 908 legati
1310 823 1452 892 Cartba-

306 932 498 1016 ginicneium
518 954 559 997 ex
579 930 772 1016 improviso,
793 937 833 996 ut
851 930 990 1007 ridetur,
1011 930 1204 1011 adveniunl3
1236 929 1365 997 Laelius
1387 953 1449 997 au-

306 1039 554 1105 temexitinere
566 1044 752 1103 revocatur.
774 1036 1085 1118 eundemne,
1104 1037 1288 1122 liegimus,
1322 1038 1452 1123 legatos

306 1145 442 1211 eandem
463 1144 532 1210 fere
552 1145 742 1223 orationem,
762 1165 862 1228 qnam
883 1144 972 1228 apud
984 1142 1340 1227 Scipionemlrabuisse3
1361 1166 1450 1230 quae

305 1255 335 1319 si
356 1253 429 1337 quis
450 1274 510 1336 per
530 1274 567 1319 se
588 1252 834 1336 contemplatur,
850 1253 1037 1319 nccmsario
1058 1252 1187 1333 credet,
1208 1252 1338 1318 eosdem
1359 1254 1450 1337 lega·

309 1365 362 1425 tos
384 1359 568 1443 significari,
589 1359 647 1444 qni
670 1359 712 1424 ad
734 1358 916 1442 Scipionem
926 1358 1083 1441 LXXX,
1107 1364 1167 1441 16,
1190 1360 1312 1425 2missi
1337 1366 1449 1441 eranb;

306 1467 365 1533 sed
386 1467 467 1532 alios
488 1488 560 1545 esse
580 1472 718 1551 apparet
741 1488 783 1531 ex
802 1465 913 1547 XXX,
947 1470 1001 1548 22,
1024 1472 1060 1548 5,
1093 1467 1151 1532 nbi
1172 1488 1284 1533 omnes
1313 1471 1450 1553 juvenes

306 1574 407 1640 icisse
436 1574 597 1642 dicuntur.
639 1574 691 1638 Ad
724 1573 908 1657 Scipionem
940 1595 1017 1640 vero
1045 1575 1283 1641 sanctissimum
1305 1574 1445 1644 caem-

307 1682 499 1767 giniensium
520 1682 687 1748 consilium
706 1688 857 1761 uenerat,
885 1681 920 1748 id
943 1688 995 1749 est
1014 1703 1110 1749 senes
1143 1682 1183 1747 L.
1204 1683 1311 1764 XXX,
1340 1687 1392 1765 16,
1415 1689 1447 1749 3.

305 1791 457 1856 Editores
479 1790 610 1874 quidem
630 1791 756 1856 Livium
776 1789 949 1856 defendam
969 1790 1120 1888 student,
1150 1791 1209 1857 sed
1229 1792 1315 1857 bano
1333 1792 1447 1859 dictio-

304 1920 378 1965 nem
399 1898 515 1964 saltem
536 1899 721 1983 ambiguam
742 1920 815 1965 esse
835 1905 991 1982 apparet,
1016 1919 1120 1982 neque
1139 1899 1247 1965 livius
1268 1920 1406 1982 prorsus
1426 1921 1448 1966 a

304 2003 486 2088 suspicione
508 2002 640 2069 liberari
670 2007 789 2086 potest,
838 2002 902 2069 sibi
922 2004 1119 2087 repugnatio
1148 2005 1339 2070 narravisse.
1383 2003 1447 2070 Sed

305 2109 405 2175 etiam
424 2111 532 2193 ipsum
554 2109 710 2176 narrandi
731 2132 832 2195 genus
851 2109 992 2190 indicat,
1025 2111 1107 2176 haec
1135 2112 1245 2195 capita
1277 2112 1334 2177 alii
1365 2111 1446 2178 sonti

304 2217 434 2299 deberi,
457 2239 554 2302 qnam
577 2218 633 2301 qui
654 2219 688 2283 in
709 2217 809 2284 rebus
830 2218 959 2283 Africae
988 2223 1183 2301 usurpatur,
1215 2223 1316 2303 atque
1348 2220 1446 2285 etiam

304 2326 403 2408 XXX,
426 2330 479 2409 24,
504 2330 589 2390 1-4
610 2326 652 2392 ad
675 2326 809 2392 annales
831 2327 1002 2409 pertinere.
1026 2363 1069 2375 -

388 2434 513 2500 Deinde
535 2457 611 2502 vcro
633 2435 733 2517 XXX,
755 2439 816 2516 24,
847 2434 999 2500 5Livins
1013 2434 1100 2499 redit
1130 2434 1173 2500 ad
1202 2434 1326 2501 fontem
1346 2435 1446 2517 XXX,

309 2543 348 2605 17
371 2541 542 2607 desertam.
586 2544 634 2608 Ae
657 2542 806 2627 Polybius
828 2540 970 2624 quidem,
992 2542 1050 2624 qui
1069 2541 1111 2606 de
1124 2560 1363 2607 summarsrum
1375 2562 1446 2607 cum

303 2646 395 2715 Livio
416 2649 587 2731 consentit,
608 2649 714 2732 affert,
736 2650 862 2734 legatos
884 2671 905 2715 a
926 2647 1075 2733 Scipione
1090 2647 1318 2734 Carthaginem
1333 2648 1447 2716 missos

303 2776 414 2822 eoram
436 2763 553 2824 senatu
575 2764 610 2824 et
631 2756 718 2841 apud
740 2756 895 2842 populum
915 2756 1017 2823 rerba
1037 2756 1162 2839 fecisse,
1174 2757 1338 2841 nimiaque
1349 2757 1448 2824 liber·

303 2868 374 2929 tate
405 2868 561 2947 utrosque
592 2864 781 2929 irritavisse.
827 2863 966 2929 Senatus
994 2864 1097 2947 igilur
1125 2864 1230 2930 babis
1260 2885 1317 2931 eos
1348 2866 1447 2930 inler-

303 2969 406 3036 imere
434 2972 523 3052 vult,
562 2991 603 3036 ao
629 2970 706 3036 dum
732 2991 792 3054 per
825 2972 965 3054 speciem
1007 2972 1144 3038 naribos
1176 2973 1308 3038 domum
1337 2992 1447 3057 prose·

304 3079 426 3162 quitur,
448 3080 531 3145 clam
551 3079 754 3146 Hasdrubali
775 3080 943 3164 praecipit,
967 3084 1005 3144 nt
1025 3099 1081 3145 eos
1104 3080 1343 3165 aggrederetur,
1360 3079 1447 3165 qnod

304 3185 361 3254 ille
382 3187 544 3253 nonnullis
573 3187 762 3255 triremibus
794 3187 902 3253 missis
929 3207 1032 3272 prope
1058 3187 1177 3254 flumen
1198 3184 1332 3254 Macran
1359 3187 1446 3254 facil.

303 3292 423 3360 Omnes
442 3293 510 3361 fere
526 3294 664 3361 Romani
685 3296 865 3375 intereunl;
887 3294 952 3377 ipsi
971 3294 1073 3378 legati
1090 3301 1270 3362 servantur.
1282 3334 1324 3345 —
1344 3295 1446 3362 Paulo

304 3400 402 3468 aliter
433 3401 558 3484 Livius,
603 3403 659 3487 qui
693 3401 788 3468 dicit:
821 3402 978 3486 Legatos,
1016 3402 1073 3485 qui
1105 3402 1235 3469 omnino
1267 3403 1446 3469 orationem

306 3529 370 3575 non
392 3509 586 3592 habuerunt,
610 3515 744 3595 propter
764 3510 877 3594 populi
899 3509 1040 3576 furorem
1064 3530 1086 3575 a
1108 3515 1223 3576 senato
1243 3510 1387 3593 petiisse,
1409 3516 1448 3576 ut

304 3618 440 3684 navibus
471 3639 506 3685 sc
538 3627 822 3705 prosequerentur.
867 3617 938 3696 Quo
959 3616 1046 3685 facto
1075 3639 1146 3684 cum
1174 3618 1217 3683 ad
1237 3617 1358 3684 flumen
1378 3618 1447 3685 Ba·

305 3726 441 3810 gradem
457 3728 689 3810 pervenissent,
713 3727 755 3793 ab
788 3725 997 3793 Hasdrubale
1029 3725 1135 3793 tribus
1164 3727 1448 3811 quinqueremibus

303 3835 443 3918 impetus
465 3835 499 3898 in
521 3855 577 3901 ece
599 3835 657 3915 fit3
688 3835 811 3916 addito,
845 3834 980 3902 dubium
1011 3855 1097 3916 esse,
1131 3842 1240 3900 utrum
1261 3833 1447 3901 Hasdrubal

303 3941 427 4026 injussu
450 3945 582 4006 senatus
604 3941 727 4024 fecerit,
750 3956 860 4008 necne.
906 3941 1024 4007 Omnes
1046 3947 1154 4007 autem
1178 3940 1353 4008 incolumes
1375 3961 1446 4009 ere·

304 4050 401 4131 dunt,
434 4049 527 4116 naris
564 4055 690 4116 tentum
717 4053 846 4136 jactura
879 4050 975 4116 iacta.
1019 4048 1088 4116 Lir.
1121 4049 1220 4132 XXX,
1244 4054 1304 4133 26,
1330 4051 1445 4115 1-10,

304 4157 394 4223 Haec
413 4159 514 4242 igilur
534 4158 623 4242 apud
644 4164 818 4244 utrumque
840 4158 1033 4243 scriptorem
1055 4158 1089 4223 in
1110 4158 1293 4225 universum
1317 4157 1446 4241 quidem

304 4265 400 4333 simili
422 4265 518 4333 modo
542 4274 736 4351 narrantur,
764 4266 821 4334 sed
843 4267 872 4333 si
894 4266 1037 4352 singulas
1060 4287 1112 4332 ree
1133 4271 1281 4349 species,
1314 4284 1447 4350 prorsus
1561 4356 1562 4363 ἵ

303 4375 432 4443 diversa
454 4380 540 4444 suut.
1425 4374 1429 4385 '
