3184 5325
714 454 756 516 45

250 623 375 691 Deinde
397 623 466 691 Liv.
488 622 595 705 XXX,
626 624 874 704 5.25,11-5.
909 624 951 686 28
984 641 1024 686 ex
1050 621 1221 689 annalibus
1252 621 1308 689 de·

162 734 286 816 scripta
318 753 391 798 osse
413 737 560 816 apparet.
618 729 782 802 Hannibal
816 728 1056 813 praetereundo
1100 728 1143 795 ad
1177 729 1306 813 Leptim

162 839 301 905 classem
323 839 487 924 appulisse
509 839 642 906 dicitur:
664 838 765 919 XXX,
791 841 844 920 25,
871 840 929 919 11;
951 837 1003 903 cui
1024 842 1186 922 repugnat
1207 836 1307 914 XXX,

164 950 220 1027 29,
242 954 258 1012 1
282 946 338 1013 ubi
360 967 434 1014 enm
455 946 692 1013 Hadrumetum
713 947 748 1011 in
770 951 894 1011 terram
927 963 1091 1028 egressum
1124 965 1195 1012 esse
1217 944 1309 1011 audi·

166 1075 241 1119 mus
265 1053 329 1136 (cfr.
352 1055 394 1121 U.
416 1053 558 1135 Becker,
589 1053 629 1119 de
651 1052 789 1119 historia
810 1051 889 1118 belli
910 1051 1019 1135 punici
1042 1052 1173 1119 secundi
1196 1071 1310 1135 quaes-

163 1163 270 1228 tiones
292 1162 557 1246 praeparativae,
585 1183 617 1246 p.
650 1164 737 1243 187).
791 1160 860 1226 Lis.
883 1160 994 1241 XXX,
1027 1179 1054 1225 o.
1086 1164 1138 1242 26,
1164 1162 1248 1225 1-4
1271 1181 1311 1226 ex

164 1267 303 1352 Polybio
325 1290 390 1334 non
412 1289 484 1336 esse
505 1290 669 1349 conversa,
691 1288 763 1335 cnm
785 1268 907 1334 multae
928 1267 1012 1334 5555
1024 1287 1142 1334 causae
1154 1267 1310 1349 indicant,

167 1379 235 1438 tum
259 1395 343 1458 qnae
373 1395 401 1439 c.
425 1379 485 1457 26,
521 1379 539 1439 3
572 1375 612 1440 de
635 1374 775 1458 Sopatro
807 1379 841 1441 et
874 1374 915 1440 de
935 1373 1147 1441 Macedonum
1178 1373 1310 1440 auxiliis

166 1479 363 1562 afferuntur,
386 1481 428 1547 de
449 1481 566 1565 quibus
586 1480 672 1546 inira
694 1479 789 1564 plura
811 1480 962 1548 dicemus.

254 1586 303 1654 Ha
324 1593 434 1654 antem
451 1609 541 1672 quae
564 1588 620 1655 lib.
641 1588 740 1670 XXX,
762 1609 790 1654 c.
814 1593 855 1653 29
871 1610 923 1673 sq.
945 1588 1031 1672 apud
1054 1589 1179 1655 Livium
1200 1589 1314 1674 legun·

59 1777 66 1785 ο
167 1699 231 1776 tur,
255 1715 352 1779 quam
375 1696 516 1762 manure
538 1716 611 1760 cum
633 1695 768 1780 Polybio
790 1691 1015 1777 consentiunt,
1038 1696 1239 1779 paucissimis
1260 1717 1311 1762 re-

169 1802 394 1886 busexceptis.
437 1802 474 1868 P.
497 1801 589 1880 XIV,
612 1822 640 1868 5.
662 1804 755 1867 3·-c.
782 1804 833 1866 19.
877 1801 1031 1886 Polybius
1049 1803 1150 1886 igitur
1170 1801 1260 1883 XIV,
1283 1821 1311 1870 o.
1359 1847 1365 1857 ·

169 1915 200 1989 4,
225 1915 244 1974 9
267 1915 399 1991 namat,
422 1909 579 1978 Baebium
600 1908 743 1994 legatum
767 1907 917 1992 Scipione
944 1908 1079 1973 absente
1097 1911 1189 1993 jussu
1212 1908 1312 1992 impe·

167 2019 286 2083 ratoris
309 2018 623 2103 Carthaginiensium
651 2016 776 2101 legatos
805 2016 936 2084 domum
960 2016 1102 2098 misisse,
1137 2016 1213 2082 dum
1243 2016 1311 2082 Liv.

167 2124 267 2205 XXX,
292 2129 344 2206 25,
369 2126 409 2189 10
432 2125 537 2208 ipsum
561 2124 742 2206 Scipionem
764 2122 826 2189 boo
845 2121 960 2189 iecisse
982 2123 1076 2188 dixit.
1120 2123 1189 2188 Lis.
1210 2122 1310 2202 XXX,

170 2237 265 2314 33,'6
288 2233 408 2298 milites
429 2231 621 2297 Hannibalis
643 2230 766 2296 Bruttii
788 2229 992 2312 afferuntur;
1026 2251 1109 2314 quae
1140 2230 1233 2315 signa
1254 2231 1311 2296 mi·

170 2339 302 2420 lituris,
334 2344 413 2422 quot
424 2338 587 2422 elephanti
610 2337 697 2405 caesi
720 2337 874 2421 captique
896 2342 1003 2404 essent
1033 2338 1070 2402 5.
1094 2337 1193 2418 XXX,
1217 2341 1268 2417 35,
1293 2342 1312 2401 3

170 2451 321 2514 accurate
351 2446 538 2530 exponitur,
574 2445 656 2512 nihil
685 2444 726 2511 de
760 2444 911 2512 omnibus
931 2444 995 2510 ‘his
1024 2445 1122 2512 rebus
1150 2444 1314 2530 Polybius.

169 2553 233 2619 Sed
255 2553 337 2618 5555
357 2552 498 2633 leviora,
530 2551 647 2618 summi
669 2556 777 2618 autem
811 2551 964 2618 momenti
995 2557 1059 2633 est,
1089 2551 1176 2636 quod
1203 2552 1312 2618 Livius

167 2661 270 2744 XXX,
294 2683 321 2727 c.
347 2665 441 2743 33,6
463 2661 501 2731 in
520 2661 588 2728 acie
611 2659 801 2727 Hannibalis
822 2659 981 2744 legionem
1002 2659 1213 2727 Macedonum
1229 2681 1315 2729 com-

169 2774 345 2851 memorat,
369 2789 467 2854 quam
490 2769 657 2836 Nissenius
679 2775 768 2834 recte
791 2768 881 2850 dicit,
903 2790 967 2834 nou
991 2769 1060 2834 sine
1082 2767 1193 2853 aliqua
1215 2789 1314 2835 cansa

171 2876 349 2962 aPolybio
373 2878 525 2945 omissam
557 2898 638 2944 esse.
683 2877 716 2942 P.
737 2877 826 2959 XIV,
857 2897 884 2942 c.
910 2879 961 2942 ll.
996 2877 1128 2959 (Nissen
1160 2898 1193 2961 p.
1225 2879 1312 2964 123).
1358 2877 1361 2882 ’

170 2985 235 3053 Sed
258 2985 366 3051 Livius
389 2984 451 3052 hoc
482 2984 545 3051 sibi
579 3006 643 3051 non
671 2984 784 3066 finxit,
821 2985 855 3049 in
886 2983 976 3053 fonte
1009 3005 1067 3053 suo
1102 2985 1221 3066 inerst;
1246 2988 1314 3070 jam

169 3091 269 3172 XXX,
293 3112 320 3172 o,
345 3096 404 3173 26,
430 3097 513 3158 1-4
527 3092 576 3161 ,de
607 3092 668 3158 hac
689 3090 901 3157 Macedonum
933 3090 1061 3174 legione
1094 3090 1221 3159 locutus
1254 3097 1314 3172 est,

169 3204 270 3282 atque
291 3198 391 3280 XXX,
414 3219 441 3263 c.
464 3202 523 3277 42,
547 3203 565 3261 6
589 3199 707 3263 iterum
730 3197 913 3280 Sopatrum,
938 3219 955 3261 e
977 3198 1170 3282 propinquis
1194 3205 1227 3264 et
1240 3216 1315 3282 pur·

168 3305 297 3388 puratis
318 3304 413 3389 regis,
436 3304 471 3369 in
494 3304 634 3371 Africam
657 3304 825 3369 transiisse
840 3309 962 3369 narrat.
985 3303 1051 3369 Sed
1073 3310 1212 3388 uterque
1223 3304 1314 3371 locus

171 3433 212 3479 ex
233 3412 406 3478 annalibus
429 3412 619 3494 desumptus
642 3418 712 3492 est3
735 3431 774 3477 ac
794 3432 848 3476 res
871 3410 944 3494 ipsa
966 3432 1043 3476 num
1063 3413 1204 3494 verasit,
1217 3430 1315 3496 quam

170 3521 310 3587 maxime
333 3519 491 3586 dubium.
521 3519 604 3584 Nam
627 3519 656 3584 si
677 3539 754 3584 vera
776 3523 857 3600 erat,
880 3521 1033 3604 majestas
1055 3520 1167 3603 populi
1180 3520 1317 3587 Romani

169 3626 369 3712 postulabat,
391 3633 429 3694 ut
452 3627 613 3710 extemplo
659 3626 780 3694 bellum
801 3626 950 3710 Philippo
973 3628 1187 3709 indiceretur,
1209 3648 1316 3712 neque

171 3757 270 3803 causa
293 3742 383 3819 erat,
407 3757 465 3801 cur
497 3742 630 3803 senatus
667 3736 782 3803 callide
814 3756 925 3803 omnes
953 3736 1137 3807 occasiones
1158 3736 1200 3801 ad
1226 3735 1316 3802 Phil·

169 3845 257 3927 lippo
280 3841 399 3907 bellum
421 3842 622 3909 inferendum
644 3844 865 3926 conquireret,
898 3842 1066 3927 Philippus
1095 3851 1204 3911 autem
1228 3864 1313 3911 anno

171 3972 193 4017 a
214 3949 272 4016 Ob
297 3953 361 4026 205
384 3969 496 4033 pacem
517 3950 641 4017 lecerat
662 3971 734 4016 oum
757 3950 925 4034 Romanis,
947 3971 986 4017 ac
1006 3973 1066 4035 per
1089 3957 1193 4019 totam
1215 3953 1314 4025 vitam

172 4058 205 4124 id
227 4080 356 4144 semper
388 4079 487 4143 quam
519 4061 657 4126 maxime
688 4059 844 4140 cavebat,
874 4080 915 4126 ne
948 4061 1103 4145 populum
1137 4061 1315 4126 Romanum

171 4166 265 4233 nimis
287 4166 320 4230 in
342 4187 376 4231 se
397 4164 576 4232 acerbaret.
620 4166 746 4251 Itaque,
768 4165 1048 4237 siMacedonesiu
1061 4166 1205 4233 exercitu
1227 4165 1316 4233 Han·

172 4273 290 4341 nibalis
314 4278 416 4355 erant,
439 4275 565 4360 injussu
588 4274 673 4358 regis
696 4272 889 4356 militabant,
912 4295 951 4341 ac
973 4280 1076 4343 totam
1091 4273 1174 4341 hanc
1204 4295 1315 4343 narra-

171 4383 292 4450 tionem
316 4403 355 4447 ex
378 4381 617 4448 contumeliosis
638 4383 702 4476 illis
732 4383 828 4449 dictis
851 4387 884 4449 et
917 4382 1007 4450 falsis
1038 4382 1315 4451 criminationibus

173 4494 277 4555 ortam
301 4487 504 4571 crediderim,
520 4487 638 4573 quibus
662 4495 729 4554 tum
757 4489 912 4574 populum
933 4490 1111 4557 Romanum
1142 4490 1176 4555 in
1207 4509 1315 4574 regem

170 4596 382 4663 Macedonum
405 4595 615 4681 instigabant.
650 4595 714 4663 Sed
736 4601 889 4679 ututest,
911 4597 946 4664 id
955 4605 1043 4667 certe
1056 4602 1204 4684 apparet,
1216 4596 1315 4663 etiam
