3184 5325
748 395 767 453 7

170 570 286 653 magis
308 568 476 647 miremur,
510 586 581 632 eum
612 567 680 651 jam
702 563 928 630 Lachmannue
949 562 992 645 11,
1014 583 1046 647 p.
1063 565 1103 627 32
1126 559 1249 646 largius
1270 580 1328 658 ex·

171 682 355 763 posuerat,
385 676 420 741 iu
440 674 502 741 hac
521 674 593 758 ipsa
615 694 725 759 pugna
750 671 912 739 Cannensi
935 669 1147 738 describenda
1160 670 1285 736 bivium
1308 692 1328 735 a

173 783 317 871 Polybio
338 783 434 867 longe
456 781 619 848 diversum
642 801 722 847 esse.

269 891 334 958 Sed
356 891 413 975 qui
434 889 575 956 Nissenii
596 894 765 955 accuratas
797 889 1005 974 quaestiones
1035 888 1075 953 de
1104 907 1221 982 genere
1251 891 1329 955 scri·

175 1001 290 1068 bondo
311 1000 445 1065 Liuiano
467 999 654 1083 inspexerit,
677 1003 860 1083 cognoscet,
884 1016 994 1063 omnes
1007 996 1081 1062 illos
1096 997 1330 1082 saepiusquasi

175 1105 300 1175 falsam
321 1107 486 1191 quandam
510 1109 647 1191 speciem
670 1106 789 1173 sectari
812 1125 850 1171 ac
872 1125 981 1171 rernm
1007 1102 1242 1188 verborumque
1270 1102 1330 1171 sal·

178 1217 249 1284 laci
270 1214 480 1284 similitudine
502 1215 655 1299 deceptos
677 1214 764 1281 inter
784 1235 820 1280 se
840 1213 1019 1298 pugnantia
1041 1215 1099 1277 aut
1120 1233 1184 1278 non
1199 1212 1329 1295 vidisse,

179 1329 243 1391 aut
273 1322 360 1389 facili
391 1322 488 1389 modo
511 1321 700 1405 explicanda
720 1322 895 1405 putavisse.
926 1320 981 1406 (H.
1001 1319 1138 1401 Nissen,
1161 1319 1330 1397 Quaestio·
1431 1303 1436 1312 ’

179 1452 243 1498 nes
272 1430 404 1497 criticae
434 1429 474 1495 de
506 1429 648 1495 fontibus
678 1429 811 1496 decadis
838 1428 883 1493 IV
905 1427 991 1494 etV
1019 1426 1181 1494 Livianae.
1233 1425 1331 1495 Bero-

179 1538 253 1605 lini.
268 1536 376 1625 1863).

273 1643 457 1711 censebant
485 1644 586 1726 enim,
624 1644 706 1709 Livii
736 1666 818 1727 opus
847 1665 888 1709 ex
920 1642 1028 1708 tribus
1058 1644 1152 1738 quasi
1182 1643 1332 1728 partibus

182 1753 400 1837 compositum
422 1772 507 1833 esse3
530 1774 570 1817 ex
591 1773 666 1833 una,
690 1756 740 1832 (ut
761 1749 976 1817 recentiorum
999 1751 1107 1817 verbis
1128 1754 1218 1836 utar)
1235 1769 1332 1836 quam

182 1881 274 1927 mere
302 1860 522 1945 polybianam,
555 1882 594 1925 ex
617 1860 737 1942 altera,
777 1880 874 1942 quam
904 1879 992 1925 mere
1019 1858 1260 1941 annalisticam,
1275 1875 1278 1882 ’
1293 1882 1333 1927 ex

183 1968 294 2048 tertia,
317 1985 415 2051 qnam
436 1965 488 2032 his
510 1965 636 2031 duabus
658 1965 807 2048 partibus
839 1965 925 2029 iuter
958 1985 993 2031 se
1018 1966 1196 2053 conjunctis
1214 1972 1248 2034 et
1280 1987 1333 2033 co·

184 2074 404 2159 augmentatis
425 2093 526 2159 genus
547 2071 709 2139 scribendi
732 2074 867 2137 mixtum
889 2072 1147 2158 appellabantll.
1180 2071 1256 2139 'Sed
1278 2095 1333 2158 ge·

183 2204 247 2250 nne
267 2181 349 2249 illud
370 2179 506 2249 mixtum
532 2181 661 2247 omnino
687 2179 766 2245 terri
787 2200 852 2246 non
873 2199 968 2263 posse
995 2182 1063 2265 jem
1083 2180 1161 2246 inde
1179 2187 1333 2265 apparot,

185 2290 272 2376 quod
301 2289 341 2356 iis
365 2293 493 2355 tantum
515 2288 595 2354 locis
617 2288 752 2353 inveniri
774 2292 897 2371 potest,
931 2288 988 2372 qui
1018 2310 1091 2353 cum
1120 2289 1260 2355 maxima
1293 2313 1333 2357 ex

185 2403 280 2483 parte
308 2391 476 2482 Polybium
506 2400 654 2462 autorem
690 2395 860 2461 rideantur
887 2396 996 2479 sequi,
1035 2396 1195 2463 nonnullis
1226 2397 1333 2487 rebus,

186 2505 289 2588 iisque
311 2503 418 2587 falsis,
442 2524 482 2569 ex
503 2501 674 2569 annalibus
695 2502 875 2587 desumptis
898 2504 1001 2587 magis
1024 2502 1210 2588 depravati,
1237 2527 1333 2591 quam

189 2612 325 2681 correcti
347 2618 438 2695 suut;
476 2611 563 2697 quod
584 2616 691 2678 autem
714 2632 877 2697 nunquam
899 2611 978 2694 loci,
1008 2611 1041 2678 iu
1070 2614 1253 2682 universum
1275 2638 1333 2683 an·

187 2718 308 2784 nalinm
347 2718 442 2785 modo
473 2718 666 2800 conscripti,
701 2738 740 2782 ex
769 2717 966 2801 pragmatio·
981 2715 1159 2801 Polybiane
1187 2722 1274 2786 aucti
1300 2730 1334 2787 ct

187 2825 376 2912 amplificati
397 2831 482 2895 sunt.
526 2825 688 2892 Videbunt
710 2824 770 2891 hoc
793 2825 936 2910 antiqui3
959 2825 1017 2891 sed
1037 2826 1241 2894 mirabantur
1263 2834 1333 2895 tan·

186 2942 273 3017 tum,
306 2933 392 3020 quod
427 2932 516 3000 Liuio
539 2930 681 3000 studium
714 2933 847 3015 inisset,
885 2932 975 2999 falsis
1013 2936 1266 3003 narratiunculis
1300 2945 1333 3004 et

188 3040 314 3109 tubellis
346 3042 564 3106 narrationem
588 3039 714 3127 Polybii
736 3036 965 3124 maculandi⁸).

273 3150 457 3218 Accedebat
478 3150 520 3226 ad
543 3149 630 3216 hunc
652 3170 796 3216 errorem
825 3150 918 3215 alius.
946 3147 1045 3214 Liber
1064 3148 1111 3213 111
1124 3148 1218 3213 enim
1240 3146 1333 3232 Poly·

189 3260 234 3327 bii
256 3265 289 3325 et
311 3258 345 3323 11.
356 3258 570 3324 XXI-XXII
590 3258 673 3324 Livii
695 3281 766 3325 cum
790 3258 852 3325 soli
872 3258 991 3342 integri
1013 3263 1120 3324 essent
1142 3257 1333 3336 conservati,

191 3366 348 3452 aptissimi
376 3366 580 3452 putabantur
609 3366 651 3432 ad
682 3366 945 3450 comparandum.
1001 3366 1047 3430 Et
1066 3371 1154 3433 recte
1186 3365 1331 3450 quidcm3

186 3476 245 3543 sed
268 3476 302 3542 in
324 3494 363 3540 eo
387 3473 553 3557 errabant,
575 3473 661 3559 quod
684 3475 819 3541 eandem
841 3475 1016 3556 rationem,
1046 3495 1142 3559 quum
1165 3474 1199 3538 in
1222 3473 1272 3539 his
1293 3474 1332 3539 li·

191 3584 255 3650 bris
278 3584 377 3648 ctiam
407 3583 441 3647 in
464 3583 581 3648 ceteris
612 3583 699 3648 inter
729 3583 811 3648 duos
832 3582 906 3649 illos
937 3581 1109 3667 scriptores
1132 3582 1332 3649 intercedere

260 3747 289 3817 2)
307 3748 405 3801 Lucas.
423 3748 443 3802 l.
460 3747 481 3801 l.
498 3765 526 3816 p.
548 3750 605 3802 17.;
632 3747 726 3803 Liuius
744 3751 851 3802 autres
876 3764 894 3803 e
910 3745 1027 3815 Polybio
1043 3750 1170 3803 uermtee
1192 3746 1240 3816 iia,
1263 3765 1335 3816 quae

192 3840 262 3913 epnd
279 3840 419 3901 annalium
437 3840 586 3909 salptores
602 3841 782 3910 legebantur,
801 3839 994 3910 amplificeris,
1019 3844 1068 3897 aut
1094 3840 1178 3897 artius
1202 3858 1250 3896 eeu
1266 3858 1332 3898 oon,-

191 3933 279 3990 traxit.
319 3932 370 3988 cir.
391 3931 424 4005 0,
442 3932 569 3998 Meltzer,
587 3934 625 3989 de
648 3933 739 3989 Caelio
763 3932 856 4002 Antip.
874 3950 903 4002 p.
920 3937 966 3988 45.
1009 3930 1139 3989 Similiter
1158 3932 1275 4003 judicet.
1302 3935 1332 3991 G.

192 4027 276 4080 Peter.
295 4024 314 4078 1.
332 4025 351 4079 1.
369 4042 397 4094 p.
417 4027 462 4080 73.

260 4118 288 4187 3)
307 4116 403 4185 Delus,
419 4117 449 4171 in
467 4116 1141 4187 epistolebibliothecesnniveraaliGener.1619.
1159 4116 1196 4181 11,
1214 4117 1333 4188 pbOsq.

192 4210 268 4264 insite
286 4209 457 4279 (Lachmann
465 4209 572 4278 11,91):
590 4210 635 4264 En
653 4210 765 4281 general
777 4207 829 4280 j’ei
847 4210 991 4279 temereque
1007 4209 1076 4265 &ns
1093 4210 1120 4264 le
1138 4209 1209 4280 petit
1216 4211 1334 4268 nombre
1441 4282 1445 4288 Ι

193 4303 224 4358 de
242 4302 380 4373 cbapltres
398 4303 434 4358 de
452 4304 515 4359 Tite
533 4304 615 4375 Live,
632 4321 685 4373 que
700 4301 750 4374 j‘ai
768 4321 802 4359 cu
821 4304 949 4360 occasion
967 4303 1003 4357 de
1020 4319 1165 4373 comparer
1178 4318 1247 4360 avec
1264 4322 1334 4360 ceux

192 4397 223 4452 de
240 4395 355 4466 Polybo,
373 4410 425 4464 qne
443 4400 533 4452 tontes
550 4398 592 4452 les
610 4396 675 4461 fois,
693 4414 745 4467 que
762 4399 790 4452 le
808 4398 928 4468 premier
944 4401 1048 4451 auteur.
1058 4413 1094 4451 en
1110 4397 1225 4466 copiam
1247 4398 1274 4452 te
1292 4415 1332 4453 se·

193 4488 272 4553 cond,
295 4488 428 4558 yejouteit
450 4506 486 4544 ou
510 4509 527 4558 y
544 4489 676 4561 ohangait
692 4491 809 4560 quelque
829 4491 926 4559 obesa,
953 4489 974 4543 il
991 4506 1023 4544 ae
1039 4490 1155 4544 metteit·
1173 4506 1208 4545 eu
1224 4492 1334 4547 eontra·
1447 4523 1449 4527 .

193 4581 289 4638 diction
307 4598 373 4638 avec
390 4582 427 4635 lui
447 4583 551 4655 meme,
568 4603 604 4640 ou
622 4585 642 4638 il
662 4600 697 4639 en
715 4582 839 4640 rmultait
858 4583 977 4652 quelque
997 4582 1145 4640 obaudiet.
