3184 5325
914 460 955 521 36

338 623 559 710 peditionibus
588 624 782 706 invenimus,
815 625 999 693 cohaerent.
1059 625 1194 692 Accedit
1222 625 1329 694 aliud:
1364 630 1401 692 et
1439 645 1498 691 res

338 733 648 818 Carthaginiensium
682 739 833 799 accurate
861 737 968 803 autori
997 736 1144 819 cognitae
1165 740 1258 816 sunt,
1288 734 1410 817 XXIX,
1439 739 1496 815 23,

340 847 362 906 4
398 841 621 925 praesertim
672 847 705 906 et
752 842 913 926 Scipionis
965 843 1175 910 calliditatem
1220 842 1304 909 bene
1354 843 1494 909 eodem

340 972 403 1033 que
448 949 581 1015 consilio
626 950 776 1032 exponit,
809 972 874 1034 quo
918 952 951 1016 in
997 950 1155 1017 seditione
1199 956 1381 1018 castrorum
1406 951 1493 1016 Suc·

340 1058 524 1124 renensium
550 1056 586 1120 L.
619 1056 735 1136 XXIX,
772 1062 833 1139 24,
858 1063 953 1123 2-7.
998 1058 1167 1143 Polybium
1189 1062 1297 1125 autem
1321 1079 1386 1124 non
1413 1078 1493 1124 esse

342 1167 465 1232 fontem
485 1186 558 1229 oum
578 1185 684 1229 rerum
708 1186 809 1230 nexus
832 1186 891 1249 per
913 1186 948 1231 se
970 1165 1102 1245 indicat,
1124 1171 1195 1231 tum
1216 1185 1300 1249 quae
1323 1186 1349 1231 o.
1374 1169 1435 1245 24,
1453 1166 1490 1230 11

340 1275 429 1334 -14
449 1269 491 1335 de
514 1267 657 1353 legendis
679 1268 835 1335 militibus
858 1291 897 1334 ex
918 1268 1099 1353 legionibus
1115 1268 1351 1351 Comensibus,
1368 1270 1494 1353 quinta

338 1382 496 1457 etsexta,
519 1376 560 1443 de
582 1376 677 1442 sociis
700 1375 818 1449 Latini
832 1376 971 1442 nominis
994 1398 1020 1444 c.
1043 1379 1096 1457 24,
1121 1379 1163 1441 14
1185 1375 1384 1458 afferuntur3
1405 1395 1493 1460 qua·

336 1486 380 1551 lia
403 1485 489 1569 apud
511 1484 680 1570 Polybium
702 1505 766 1550 non
789 1485 897 1551 solent
917 1484 991 1568 legi.
1016 1520 1059 1535 —-

425 1592 545 1658 Allatis
568 1593 793 1658 nonnullorum
818 1592 982 1659 annalium
1005 1591 1230 1676 discrepantiis
1253 1592 1289 1657 L.
1304 1591 1493 1672 xxlmao,

339 1703 440 1779 1-4;
463 1701 611 1783 sequitur
633 1698 807 1783 descriptio
829 1701 989 1766 transitus
1016 1701 1048 1765 in
1071 1699 1229 1766 Africam.
1283 1700 1394 1783 Atque
1423 1700 1493 1766 hac

338 1810 468 1894 quidem
500 1809 535 1875 in
558 1828 592 1873 re
616 1808 724 1873 Livius
745 1807 868 1874 fontem
890 1816 1044 1892 usurpat,
1066 1809 1225 1874 diversum
1248 1806 1291 1873 ab
1313 1828 1362 1888 ec,
1384 1828 1487 1892 quem

339 1938 367 1982 o.
391 1921 522 1981 23-24
554 1917 750 1998 inspexerat.
806 1915 868 1992 Qui
897 1916 953 1983 ubi
988 1916 1139 2000 incipiat,
1167 1916 1309 1982 fortuma
1339 1915 1489 1983 dubitari

338 2025 461 2108 possit,
484 2023 561 2106 quia
581 2043 609 2087 o.
633 2024 674 2086 25
697 2043 775 2087 sane
798 2023 914 2107 aliquis
935 2023 977 2088 'ad
1003 2025 1143 2107 priorem
1165 2022 1287 2090 sontem
1317 2025 1488 2107 pertinere

340 2132 437 2200 diost.
482 2130 545 2196 Sed
568 2129 647 2195 mihi
669 2149 710 2195 ne
731 2150 758 2195 c.
783 2134 824 2195 25
845 2130 979 2215 quidem
1001 2151 1071 2196 curn
1094 2152 1133 2197 eo
1155 2131 1283 2197 ridetur
1297 2131 1486 2213 cohaerere,

344 2260 417 2304 curn
440 2243 575 2321 propter
597 2236 678 2302 alias
699 2238 854 2319 rationes,
877 2241 947 2302 tum
969 2238 1046 2320 quia
1067 2236 1232 2302 annalium
1255 2237 1487 2322 discrepantiis

340 2346 480 2427 additis,
502 2345 612 2412 Livius
633 2346 705 2429 ipse
727 2346 822 2429 quasi
843 2365 958 2412 novam
979 2351 1106 2429 partem
1132 2346 1212 2411 oriri
1233 2345 1367 2411 indicat.
1418 2346 1482 2411 De·

340 2455 417 2521 inde
443 2473 519 2520 vero
555 2474 583 2518 o.
614 2456 672 2533 25,
707 2457 747 2517 10
776 2452 893 2518 dicitur
922 2452 966 2517 M.
994 2452 1127 2519 Porcius
1156 2451 1289 2535 0ato⁸⁵)
1326 2458 1485 2537 quaestor

342 2561 503 2645 Scipionis
549 2559 666 2637 fuisso;
709 2560 743 2624 in
786 2559 826 2625 iis
870 2564 999 2640 autem,
1051 2580 1136 2643 quae
1172 2564 1368 2643 sequuntur,
1401 2582 1482 2626 nun·

339 2691 437 2757 quam
449 2668 532 2734 Cato
544 2667 687 2747 offertur,
703 2668 757 2734 sed
774 2668 954 2752 legimusL.
967 2667 1067 2750 XXX,
1091 2672 1143 2750 33,
1166 2667 1342 2734 2Laelium
1364 2689 1483 2752 quaes-

338 2784 442 2846 torem
463 2778 584 2843 faotnm
607 2797 678 2842 esse
700 2781 800 2860 atque
822 2781 915 2841 extra
938 2775 1084 2842 ordinem
1106 2775 1248 2859 quidem,
1260 2774 1347 2859 quod
1361 2778 1482 2859 optime

338 2908 410 2953 oum
423 2907 462 2952 eo
470 2886 627 2964 convenit,
641 2885 727 2968 quod
746 2884 947 2950 Plutarchus
972 2885 1053 2952 Cato
1075 2905 1102 2965 o,
1124 2888 1154 2966 3,
1177 2889 1197 2949 8
1216 2883 1326 2965 habet,
1345 2883 1388 2948 M.
1401 2884 1483 2950 Por-

341 2997 424 3060 cium
441 2986 469 3058 ¹a
490 2992 599 3058 Sicilia
619 2992 753 3057 Romam
777 2992 929 3074 rediisse,
951 2996 1056 3077 nequo
1081 3013 1153 3058 oum
1175 2990 1370 3076 Scipionein
1394 2992 1480 3058 Airi-

336 3124 408 3169 cam
440 3100 711 3184 esseprofectum.
749 3100 836 3166 Fons
863 3106 977 3167 contra
1008 3101 1123 3185 eapitis
1140 3101 1182 3167 25
1196 3099 1427 3168 Liatlatonem
1446 3101 1481 3168 in

338 3209 483 3274 Africam
515 3207 807 3291 transgredientem
837 3207 934 3286 faoit‚·
967 3211 1023 3290 25,
1057 3209 1109 3272 10.
1152 3206 1223 3272 Dici
1245 3212 1353 3273 antem
1375 3207 1481 3289 dehet,

343 3318 477 3398 Livium,
502 3317 530 3382 si
552 3318 585 3381 in
608 3316 717 3396 fonte,
741 3336 837 3400 quem
857 3317 891 3380 in
915 3315 1073 3398 Scipionis
1095 3314 1298 3399 expeditione
1319 3315 1481 3382 narranda

340 3427 470 3493 secutus
494 3431 554 3506 est,
576 3425 720 3508 legisset,
744 3423 900 3489 Catonem
922 3444 962 3489 ex
984 3423 1115 3505 Africa,
1138 3443 1202 3488 non
1225 3443 1265 3489 ex
1288 3422 1399 3491 Sicilia
1418 3425 1479 3493 ira·

338 3539 409 3599 tum
441 3532 577 3597 Romam
606 3531 756 3609 rediisse,
787 3531 850 3596 hoc
879 3536 1014 3615 propter
1042 3529 1294 3614 magnitudinem
1325 3531 1385 3595 viri
1418 3552 1478 3599 non

339 3640 439 3705 fuisse
469 3638 673 3704 omissurum.
723 3637 842 3719 ltaque
871 3636 1000 3702 videtur
1031 3656 1106 3702 sane
1137 3636 1209 3704 lons
1231 3638 1346 3721 capitis
1370 3642 1410 3703 25
1432 3659 1477 3722 sq.

341 3746 556 3814 a'Plutarcho
583 3745 771 3825 dissentire,
808 3744 879 3810 lons
913 3764 1039 3824 eorum,
1074 3763 1157 3827 quae
1189 3749 1386 3828 sequuntur,
1408 3766 1478 3813 oon-

341 3856 472 3921 sentire.
753 3912 756 3917 .

429 3961 512 4027 Tum
527 3982 604 4026 vero
626 3982 652 4026 o.
675 3965 737 4042 25,
764 3965 802 4027 12
824 3960 970 4045 legimus,
1003 3959 1186 4044 Scipionem
1217 3958 1411 4043 imperasse,
1442 3961 1476 4025 ut

339 4091 438 4137 nares
460 4069 615 4153 Emporia
646 4069 828 4134 tenderent.
872 4090 900 4134 o.
922 4073 974 4147 27,
998 4070 1040 4133 13
1063 4074 1171 4135 autem
1192 4068 1279 4151 apud
1300 4070 1475 4151 promonto·

340 4181 426 4245 rium
448 4178 619 4244 Pulchrum
640 4176 674 4241 in
696 4182 820 4244 terram
840 4175 1041 4255 escenditur3
1064 4197 1169 4261 neque
1190 4174 1319 4243 omnino
1342 4173 1475 4256 additur,

342 4307 438 4371 quem
460 4288 494 4350 in
515 4291 663 4370 portum,
685 4305 789 4369 neque
812 4306 869 4352 cur
890 4307 956 4352 non
977 4285 1132 4369 Emporia
1154 4284 1374 4369 pervenerint,
1396 4281 1475 4367 quod

476 4387 491 4417 0

416 4521 462 4588 35)
480 4519 534 4575 Cir.
558 4521 593 4576 Η.
623 4522 719 4591 Peter,
754 4521 782 4575 iu
813 4522 972 4591 quaestions
997 4519 1033 4576 ds
1062 4518 1120 4576 vita
1142 4516 1282 4575 Plutarchi
1317 4515 1424 4572 Ostama
1450 4534 1475 4587 p.

340 4612 458 4667 ea-as.
