3184 5325
729 411 770 475 23

173 580 263 648 fonte
285 581 363 647 oriri
385 601 450 647 uon
472 582 626 666 potuisse,
650 602 745 666 quem
768 582 878 649 Livius
907 577 1013 648 totum
1037 582 1225 667 descripsit,
1252 584 1316 651 Po-

172 688 277 774 lybius
299 689 448 755 correxit.
1380 705 1383 708 ·

241 794 438 884 Quodque
461 796 564 880 inagis
586 796 619 862 in
642 799 762 880 aperto
778 796 831 876 eit,
853 794 1010 861 nonnulla
1032 794 1216 877 afferemus,
1229 815 1313 882 quae

172 904 262 987 apud
283 903 409 969 Livium
436 904 565 988 quidem
595 904 766 988 leguntur,
798 909 833 969 et
860 924 932 968 cum
961 908 1095 987 propter
1118 905 1316 987 paucitatem

174 1009 427 1094 mentorum
458 1032 530 1076 eum
551 1010 687 1096 Polybio
721 1031 788 1077 nou
809 1011 935 1095 possint
956 1010 1115 1092 conferri,
1138 1018 1249 1078 tamen
1271 1013 1314 1079 ab

174 1138 215 1183 eo
235 1116 341 1184 aliene
363 1117 511 1200 putanda
530 1123 622 1198 sunt,
652 1123 786 1201 propter
808 1118 1009 1200 pragmatica
1031 1119 1193 1183 astionem
1216 1118 1317 1185 bisto-

172 1226 281 1294 dcam.
338 1225 391 1290 Sic
423 1226 491 1290 Liv.
521 1223 677 1303 XXVIII,
711 1228 752 1289 21
776 1231 907 1305 narrat,
938 1217 1137 1290 amilitibus
1160 1225 1315 1292 Romanis

172 1332 266 1399 ludos
310 1331 520 1417 gladiatorios
549 1352 620 1397 esse
650 1332 773 1413 editos,
805 1308 849 1397 ec⁸
881 1330 1047 1397 tabellam·
1066 1332 1107 1398 ds
1141 1334 1316 1399 certamine

174 1440 289 1508 Gothis
311 1446 345 1506 et
375 1439 678 1519 Orsuee,'fretrum
700 1439 914 1522 patruelium,
945 1438 1069 1505 inserit.
1116 1439 1205 1518 Quae
1227 1429 1315 1525 apud

172 1547 358 1633 Polybium,
390 1548 423 1612 ni
454 1546 567 1627 fallor,
598 1565 700 1631 aeque
723 1568 787 1612 non
809 1546 1010 1632 legebantur,
1033 1565 1073 1612 ao
1094 1565 1179 1631 quae
1200 1535 1315 1628 XXVI,

175 1655 377 1738 483-XXVI,
401 1660 457 1736 503
481 1654 619 1736 XXVII,
646 1658 686 1719 19
717 1653 851 1720 clivio
872 1653 990 1730 allata,
1014 1654 1181 1740 aPolybio
1197 1646 1316 1722 omissa

173 1769 259 1829 sunt.
274 1749 318 1810 ὲ·
340 1761 526 1838 LXXVIII,
549 1763 678 1826 36-38
696 1765 729 1826 et
744 1765 786 1856 46
802 1759 965 1843 expeditio
977 1757 1124 1844 Magonis
1141 1762 1175 1826 in
1197 1757 1314 1829 Balea-

172 1893 224 1939 res
246 1872 334 1936 etin
354 1870 489 1954 Ligures
511 1873 680 1950 narratum
702 1889 786 1952 quae
808 1867 895 1952 apud
915 1867 1083 1953 Polybium
1095 1868 1225 1953 quidem
1246 1871 1317 1936 sine

173 1979 273 2050 dubio
295 1985 377 2059 eret,
400 1978 458 2044 sed
479 1978 532 2044 six
553 1983 648 2043 tanta
669 1998 743 2044 eum
755 1989 846 2042 'cura
866 1996 920 2042 ree
940 1976 990 2043 uel
1004 1977 1153 2044 minimas
1165 1979 1315 2044 attulisse

173 2087 338 2172 pumndus
368 2092 439 2166 est,
469 2087 554 2154 aicut
576 2086 673 2151 etiam
701 2085 736 2152 P.
760 2085 825 2165 III,
855 2087 895 2151 76
925 2085 1067 2150 minores
1093 2086 1314 2169 expeditiones

172 2194 457 2264 omisit-Etiam
472 2214 554 2279 quae
565 2193 603 2257 L.
614 2192 731 2272 XXIX,
757 2196 786 2273 1,
803 2196 918 2273 19-3,
938 2196 957 2255 6
974 2191 1015 2257 de
1027 2191 1314 2277 rebusHispeuiee

173 2310 250 2389 post
271 2303 451 2387 Scipionem
473 2301 598 2368 tradita
620 2306 706 2381 sunt,
728 2300 757 2365 si
778 2299 866 2383 apud
888 2298 1056 2384 Polybium
1078 2306 1191 2380 erant,
1208 2307 1312 2367 :certe

174 2432 238 2480 non
262 2413 323 2478 bec
344 2410 432 2491 loeo„
463 2427 568 2496 neque
599 2415 667 2476 tam
689 2413 841 2475 accurate
873 2408 1051 2491 perscripto
1075 2411 1187 2491 erant,
1211 2430 1252 2475 ne
1275 2410 1315 2475 de

173 2542 211 2588 eo
234 2520 349 2600 dicam,
372 2519 458 2603 quod
481 2518 516 2583 in
536 2518 588 2583 hie
610 2516 771 2601 capitibus
791 2515 894 2582 multo
915 2516 1036 2597 insunt,
1056 2538 1175 2600 onaea
1196 2537 1316 2602 geuene

172 2627 459 2712 uarmndissPolybii
470 2648 603 2711 prorsus
614 2625 802 2693 abhorrent.
826 2624 917 2703 Quae
925 2624 1024 2690 inlib.
1033 2624 1186 2706 XXVIII,
1214 2630 1263 2707 15,
1277 2630 1316 2691 14

172 2777 216 2793 -
243 2742 281 2803 16
303 2736 389 2820 apud
411 2736 535 2801 livium
559 2735 600 2801 de
620 2735 815 2800 transitione
837 2733 984 2813 Attenis,
1007 2734 1092 2816 regis
1115 2732 1315 2801 Turdetano-

172 2864 264 2926 rum,
286 2849 476 2923 uarrentnr,
513 2842 660 2907 omisisse
681 2846 760 2924 puto
782 2839 968 2924 Polybium,
991 2840 1076 2906 sicut
1097 2841 1314 2923 Aluccionem,

173 2954 409 3022 Celtiberorum
439 2956 559 3033 regem,
584 2970 606 3015 a
632 2949 701 3016 biv.
724 2948 847 3030 XXVI,
875 2952 1228 3015 incommemoratum
1248 2971 1314 3015 non

171 3061 356 3130 nominavit.
400 3059 489 3125 Idem
520 3056 662 3151 quadrat
690 3059 725 3122 in
758 3056 991 3131 Cerdubelum,
1023 3057 1078 3140 qui
1101 3056 1309 3127 Gertulouem

171 3165 282 3254 prodit
301 3165 339 3231 L.
362 3164 498 3250 XXVIII
519 3168 572 3245 20,
595 3168 715 3228 8-12.

258 3271 560 3355 Contemplantibus
592 3275 702 3336 eutem
734 3272 851 3352 nobis,
883 3272 1036 3356 quidnam
1058 3275 1114 3340 ,sit
1147 3276 1315 3359 propriam

171 3382 353 3451 narrationi
374 3380 529 3446 Livianae
559 3384 593 3446 et
624 3380 785 3464 quemodo
807 3401 884 3459 vsese
918 3381 1077 3460 habesnt,
1110 3403 1195 3466 quae
1226 3383 1314 3469 epud

170 3499 343 3574 utrumque
365 3489 556 3572 scriptorem
576 3486 759 3553 communia
779 3486 938 3571 legantur,
952 3494 1102 3572 apparet,
1114 3490 1149 3555 iu
1164 3491 1314 3557 omnibus

170 3600 236 3667 illis
257 3597 416 3682 Scipionis
439 3595 699 3680 expeditionibus
726 3595 896 3662 narrandis
918 3596 1071 3663 nonnulle
1091 3599 1208 3679 inesse,
1229 3596 1315 3683 quae

170 3699 1032 3787 inuuoquoquebiviilibroaXXVI-XXVIIIeodem
1044 3701 1313 3769 modoinveuian·

168 3820 234 3883 tur.
279 3812 326 3877 Ac
356 3809 498 3892 primum
525 3807 655 3893 quidem
684 3807 910 3892 quodcumque
942 3807 984 3874 de
1015 3808 1126 3903 rebuss
1135 3809 1314 3895 Hispaniae

94 3942 96 3947 ·
171 3929 213 4007 etss
227 3918 357 3989 sidae
379 3921 544 3997 narratur,
573 3914 719 3983 acuunt
749 3915 935 3983 nominibus
965 3917 1149 4002 regionum,
1172 3918 1311 4002 sirbitum

170 4049 292 4112 mgum,
315 4025 495 4104 dumorum,
517 4024 623 4093 itaut
645 4045 710 4099 non
731 4023 828 4093 modo
850 4024 1015 4110 evulgari
1045 4026 1212 4093 annalium
1232 4029 1313 4095 rati-

170 4134 440 4215 oueiabherreat,
471 4132 525 4201 sed
550 4133 653 4201 multa
673 4132 810 4214 afferet,
831 4153 920 4217 qens
939 4154 980 4199 ne
1000 4133 1155 4220 Polybius
1176 4136 1314 4220 quidem

169 4245 280 4317 hebet·
294 4242 444 4313 ›086de
462 4246 675 4326 reputamus,
696 4246 865 4326 ouantem
883 4240 1042 4308 .stndium
1053 4243 1181 4310 illeiis
1197 4248 1315 4313 'terras

168 4349 389 4437 pregrandes
417 4349 651 4432 regionumque
689 4350 774 4414 situs
818 4348 1092 4432 recognoscendos
1138 4351 1314 4419 contulerit

169 4461 223 4547 (ir.
246 4460 281 4527 P.
304 4457 358 4540 111,
381 4457 672 4539 saredune,
699 4462 749 4520 ¹7..
768 4455 913 4523 ⁴Plinius
934 4456 963 4522 V
986 4462 1016 4540 1,
1040 4462 1056 4524 1
1085 4457 1185 4542 blial,
1208 4464 1314 4544 quadi

170 4567 323 4654 saepe-'in
346 4574 425 4633 auae
446 4566 564 4633 aetatis
587 4564 766 4648 scriptores
778 4563 967 4647 ⁴invehatur,
991 4566 1076 4650 quod
1099 4569 1169 4653 ejus
1183 4568 1229 4634 rai
1243 4591 1309 4635 om-
