3184 5325
803 360 845 422 68

249 535 383 622 respicit
406 533 447 601 ad
471 554 526 600 eos
549 532 741 617 scriptores,
764 531 914 617 quicum
937 530 978 596 de
1001 549 1124 596 summa
1156 549 1263 595 rerum
1289 550 1417 596 secum

250 644 477 724 consentiant,
502 664 541 708 ea
562 661 646 725 quae
667 641 736 724 ipse
760 640 999 724 conquisiverit,
1022 660 1087 705 non
1109 638 1262 721 habeant,
1286 657 1420 723 quam-

248 755 295 820 vis
318 750 517 838 gravissima.
539 749 575 814 P.
598 749 637 831 X,
663 754 692 831 9,
717 754 747 813 2.
769 749 888 823 τούτοις
911 744 970 812 οὖν
990 745 1418 831 οοτςέκλομσμοῒςὸμολο-

250 866 379 944 redvers
400 865 461 927 etc.
505 859 619 943 Itaque
648 857 757 924 Livius
789 878 855 923 000
888 857 1059 943 Polybium
1081 862 1131 923 est
1161 862 1312 941 secutus,
1344 856 1415 924 sed
1522 919 1527 927 .

250 970 385 1038 eundem
408 969 547 1051 iontem,
575 990 670 1053 quem
693 967 766 1050 ille,
789 966 831 1032 ud
854 988 950 1051 quem
970 965 1104 1052 Polybio
1128 965 1282 1032 nonnulla
1313 967 1414 1032 vide-

250 1079 372 1145 bantur
394 1076 554 1143 addenda.
600 1074 693 1154 Quod
715 1096 790 1141 vero
814 1095 914 1159 supra
936 1073 1136 1156 videramus,
1169 1074 1291 1141 fontem
1316 1074 1410 1141 Livii

252 1187 352 1255 fuisse
374 1187 520 1264 latinum,
541 1187 577 1251 in
599 1184 759 1269 Scipionis
782 1185 899 1250 castris
920 1188 1083 1250 versatum
1106 1190 1164 1250 aut
1187 1187 1255 1270 ejus
1279 1205 1412 1269 aequa-

249 1297 334 1379 lem,
358 1297 478 1381 optime
502 1296 599 1361 etiam
622 1297 657 1359 in
679 1294 848 1378 Polybium
872 1293 1021 1378 quadrat.
1066 1293 1147 1358 Nam
1170 1292 1251 1358 illud
1271 1294 1410 1378 quidem

253 1410 286 1472 et
307 1409 441 1489 propter
462 1402 589 1471 11100111
620 1403 778 1468 rationem
801 1401 926 1487 Polybii
956 1407 990 1467 et
1024 1408 1160 1486 propter
1189 1405 1257 1487 ejus
1288 1381 1407 1468 studia

149 1500 152 1506 ⁵
253 1514 305 1579 vix
328 1514 390 1579 erit
411 1511 634 1594 dubitandum,
658 1511 736 1596 quin
760 1531 871 1577 eorum
892 1509 1001 1592 libros,
1024 1512 1171 1596 quires,
1196 1512 1313 1596 quibus
1336 1512 1408 1596 ipsi

250 1620 475 1703 interfuerant,
499 1621 563 1704 ipsi
584 1620 848 1706 perscripseram,
872 1640 982 1686 010000
1005 1619 1210 1712 inspexerit
1237 1620 1331 1699 Quod
1354 1620 1407 1687 ita

251 1751 285 1797 se
308 1730 439 1811 habere,
463 1733 600 1813 apparet
624 1729 722 1794 etiam
745 1748 784 1792 ex
806 1727 875 1793 Pol.
898 1727 938 1792 X.
963 1732 1001 1810 9,
1026 1732 1044 1792 3
1065 1731 1118 1814 τῆς
1138 1730 1202 1792 τῶν
1216 1730 1393 1820 συμβεβιω-

253 1836 354 1904 κόοων
373 1841 550 1926 μαρτυρίας
558 1837 601 1927 ⁴⁹)
625 1842 658 1904 et
681 1858 719 1903 ex
740 1837 824 1923 VIH,
848 1836 976 1920 01111,
1000 1841 1051 1906 28.
1096 1836 1220 1902 Deinde
1241 1858 1319 1904 vero
1340 1837 1398 1920 XI,

255 1951 306 2029 31,
326 1947 350 2012 '8
368 1948 493 2012 animus
508 1946 646 2012 militum
670 1946 716 2011 sic
729 1945 941 2012 describitur:
963 1944 1306 2032 saeculariorum
1315 1950 1400 2011 ποίν-

250 2076 307 2128 αας
329 2051 365 2116 ἐκ
385 2054 439 2137 τῆς
461 2051 623 2137 eluderetur
643 2059 709 2127 τοῖς
734 2048 833 2135 ὁρῶσι
854 2051 927 2126 τοὺς
948 2050 1121 2135 πολεμίους
1141 2032 1400 2146 0011000100

250 2160 403 2246 μέλλουσι
425 2160 698 2243 διανινδονεύειν;
734 2181 817 2246 quae
847 2181 887 2228 ex
910 2161 1125 2246 descriptione
1158 2161 1311 2248 alicujus,
1344 2159 1403 2245 qui-

250 2270 348 2336 rebus
371 2268 571 2353 interfuerat,
595 2270 734 2337 fortasse
756 2270 929 2353 desumpta
955 2289 1033 2353 esse,
1056 2270 1178 2336 indicat
1191 2255 1349 2354 l.'X1,'12,
1366 2274 1395 2351 2,

250 2376 308 2444 ubi
323 2375 482 2463 vPolybius
505 2376 663 2462 ejusmodi
684 2375 850 2459 ardorem,
881 2397 978 2461 quem
1000 2376 1032 2441 10
1056 2378 1199 2443 exercitu
1227 2377 1396 2463 Philopoe-

250 2486 353 2552 menis
384 2486 454 2571 ipse
483 2485 626 2568 viderat,
663 2479 813 2552 similiter
844 2485 998 2570 depingit.
1055 2486 1121 2554 Sed
1152 2486 1310 2553 accederit
1330 2487 1392 2555 alia

251 2595 438 2662 testimonia
459 2595 560 2661 multo
584 2595 734 2680 graviora
755 2593 825 2659 Pol.
848 2593 924 2677 XII,
955 2598 1016 2677 28,
1044 2614 1086 2677 a,
1118 2594 1261 2660 81110111Ι
1284 2593 1312 2682 ’ἦ
1336 2593 1395 2683 γὰρ

250 2709 314 2770 τῶν
334 2708 570 2792 παρεπομένων
593 2716 661 2782 τοϊς
688 2704 876 2792 πράγμασιν
907 2701 1087 2792 ὖπόμνησιξ
1114 2690 1197 2792 adrui
1216 2688 1399 2794 χαραγαμεῐ

253 2816 309 2880 τὸν
329 2815 544 2902 ἐξηγούμενον
566 2820 598 2881 et
619 2814 692 2898 XIl,
716 2820 769 2897 28,
793 2819 830 2882 31
851 2816 891 2880 rol
912 2819 966 2901 οῆς
980 2812 1119 2902 ἱστορίας
1128 2817 1191 2892 ἔξει
1202 2816 1272 2880 adas
1284 2815 1394 2894 καλῶς,

252 2922 333 2988 ὅταν
354 2924 375 3008 ἢ
396 2919 428 2986 οἳ
449 2926 663 3004 πραγματικοὶ
692 2926 756 2987 τῶν
786 2921 918 3009 ἀνδρῶν
939 2924 1078 3009 ’γράφειν
1098 2908 1324 3017 ὃμοχαρήσωῖσρ
1344 2924 1396 2999 τοῖς

252 3029 392 3115 ἱστορίας
414 3029 472 3116 (μή
494 3027 698 3116 καθάπερ
711 3033 756 3093 νῦ
767 3051 786 3094 ν
798 3081 805 3114 ,
829 3014 1007 3116 παρέργως)
1029 3018 1172 3097 ete'cfr.
1195 3028 1311 3113 XXIX,
1320 3024 1344 3096 '6
1364 3051 1391 3113 a,

251 3144 282 3221 s.
305 3143 382 3204 401
405 3143 434 3204 s.
460 3139 616 3219 xxxlv,
642 3144 692 3225 10,
715 3124 757 3204 o·
789 3138 907 3206 Strabo
929 3140 984 3222 lv,
1006 3160 1039 3225 p.
1065 3141 1138 3207 100.
1183 3140 1269 3207 000
1299 3141 1393 3226 igitur

251 3253 398 3334 apparet,
420 3247 588 3334 Polybium
611 3253 777 3317 eteorum
799 3234 996 3333 testimonia,
1019 3236 1195 3334 qui'rebus
1216 3251 1280 3333 ipsi
1295 3250 1393 3316 iuter·

250 3357 396 3439 fuerunt,
432 3357 546 3422 summi
577 3356 677 3443 pretii
709 3356 862 3423 habuisse
897 3363 997 3442 atque
1030 3356 1099 3423 sine
1132 3356 1229 3424 dublo
1263 3356 1390 3424 iis'esse

252 3487 360 3532 usum:
383 3471 416 3531 et
438 3469 506 3552 ejus
529 3471 674 3549 tempore
703 3465 867 3531 exstitisse
897 3467 1050 3533 historias
1083 3467 1239 3551 quasdem
1265 3465 1394 3553 ανδρῶν

252 3576 498 3660 πραγματικῶν,
521 3573 653 3657 quires
677 3594 755 3658 quas
781 3574 843 3657 ipsi
866 3581 1044 3659 gesserunt,
1056 3576 1119 3660 ipsi
1137 3564 1390 3662 perscripserunt.

254 3680 418 3748 Hannibal
441 3683 511 3767 ipse
533 3682 666 3766 graeo'os
688 3684 935 3766 commentarios
959 3685 1110 3769 scripsit3
1134 3683 1317 3770 (Cornelius
1337 3685 1390 3751 Ne·

254 3812 315 3878 pos
337 3792 394 3859 vit.
416 3791 522 3858 Hanu.
543 3792 638 3874 XIII,
663 3797 713 3876 2);
745 3774 830 3859 idem
854 3792 998 3861 fecerunt
1033 3799 1153 3876 „testes
1181 3795 1228 3860 illi
1260 3795 1389 3861 0001011ί

257 3899 383 3966 Silenus
407 3905 440 3965 et
462 3899 605 3982 Sosilns3
627 3899 734 3982 (Corn.
757 3901 865 3986 Nepos
887 3900 989 3966 Hann.
1008 3902 1095 3985 XIII,
1112 3901 1163 3990 3);
1185 3902 1390 3969 Romanorum

258 4010 452 4094 scriptorum
486 4012 556 4095 ejus
588 4011 706 4075 aetatis
742 4010 900 4076 notissimi
937 4014 1031 4075 sunt:
1059 4009 1095 4089 Q.
1128 4010 1249 4078 Fabius
1282 4009 1389 4076 Pictor.

258 4119 296 4185 L.
326 4118 456 4184 01001110
489 4117 688 4201 Alimentus,
724 4117 841 4206 ἄνδρες
873 4123 1086 4205 πραγμαανοὶ
1115 4123 1170 4184 καὶ
1205 4118 1389 4205 α’ξιόπιστοις

322 4382 369 4452 49)
386 4383 484 4453 Agitur
501 4381 555 4437 hoc
572 4382 635 4438 loco
654 4381 688 4436 ds
713 4382 822 4452 scriptis
847 4381 1064 4446 commentariis,
1089 4398 1153 4436 nam
1182 4381 1235 4439 nisi
1252 4382 1386 4453 perscripti

254 4479 361 4546 000001,
378 4474 507 4545 Polybius
525 4474 705 4545 scrIptoribus
723 4473 873 4546 opprobrio
891 4480 1060 4532 nonvcrtere
1072 4479 1181 4547 posset,
1194 4475 1268 4546 quod
1279 4491 1325 4531 eos
1337 4493 1387 4549 000

258 4570 407 4626 adiissent:
427 4585 489 4625 cum
508 4569 575 4640 ipsis
594 4574 685 4655 autem
705 4568 867 4639 aequalibus
886 4568 1006 4640 colloqui
1023 4586 1079 4627 000
1097 4584 1192 4625 omnes
1210 4573 1359 4642 potuerunt.
