3184 5325
764 315 807 375 30

218 488 302 567 sint,
326 505 391 551 non
411 482 554 550 additur.
597 482 659 548 Est
691 483 792 568 igitsu
820 489 890 549 tam
916 483 998 548 exile
1029 489 1063 548 et
1083 487 1182 549 tenne
1209 482 1371 549 narrandi

219 613 341 679 genna,
372 596 411 657 ut
441 611 515 654 cum
536 608 575 656 eo
600 588 806 678 lonte,quem
829 611 930 674 supra
949 589 1145 671 invenimus,
1167 588 1370 655 nullomodo

218 697 408 782 comparari
423 698 527 781 possit
541 694 592 780 '⁰).

308 806 425 889 ltaque
446 804 474 870 si
497 804 539 869 ad
564 825 604 869 ea
624 803 831 887 respicimus,
855 824 939 888 quae
960 804 1121 871 derebus
1143 823 1164 869 a
1184 803 1218 871 P.
1239 801 1369 872 Gorne-

218 913 264 979 lio
285 912 435 995 Scipione
456 912 490 976 in
511 910 672 994 Hispania
692 910 792 993 gestis
810 916 998 991 narrantur,
1008 910 1243 995 profitebimur,
1256 909 1369 977 omnia

219 1022 277 1088 uni
298 1021 380 1087 fonti
400 1019 524 1097 deberi,
549 1019 630 1084 satis
654 1016 739 1084 bono
761 1018 932 1104 dignoque,
952 1039 1048 1103 quem
1068 1019 1178 1085 Livius
1199 1025 1367 1103 sequatur.

221 1129 311 1194 Idem
331 1149 408 1218 vero
432 1127 504 1193 lons
528 1147 549 1191 a
567 1124 701 1211 Polybio
724 1133 902 1210 usurpatus
924 1132 984 1209 est,
1007 1126 1092 1192 unde
1114 1131 1268 1213 apparet,
1290 1148 1369 1192 enm

217 1258 283 1303 non
291 1236 428 1302 multum
439 1235 481 1301 ab
494 1240 602 1300 aetate
608 1233 685 1299 belli
696 1232 810 1299 Punici
818 1233 950 1300 distare.
963 1233 1076 1299 -Sed
1086 1232 1235 1299 haechac
1247 1239 1343 1299 tenus
1356 1255 1367 1313 ;

218 1349 285 1432 jam
307 1350 514 1410 transeamus
535 1341 577 1408 ad
600 1342 736 1408 alteram
759 1344 958 1426 quaestionis
971 1364 992 1409 a
1005 1341 1099 1409 nobis
1110 1344 1280 1409 institutae
1289 1363 1366 1426 par·

220 1457 287 1517 tem
312 1457 411 1535 atque
432 1449 686 1534 contemplemur
708 1450 929 1516 narrationem
950 1470 1060 1515 rernm
1079 1451 1115 1514 in
1137 1447 1366 1514 1111111811-

220 1561 317 1643 pione
339 1564 515 1643 gestarum.

307 1666 345 1731 In
366 1664 450 1731 libro
471 1663 574 1749 igitur
595 1663 716 1747 XXIX,
740 1683 813 1729 cum
835 1663 960 1730 nullum
981 1667 1197 1750 fragmentum
1218 1663 1367 1750 Polybia-

219 1796 297 1841 num
320 1778 438 1854 exstet,
461 1772 548 1857 quod
570 1793 642 1838 cum
666 1771 1368 1858 1111111111τί11111111111111111111

225 1879 507 1965 progrediendum.
551 1878 615 1943 Sed
644 1900 716 1944 cum
749 1898 788 1943 ea
810 1877 955 1945 Niseenii
982 1879 1185 1964 aliorumque
1206 1881 1368 1946 sententia

220 1988 368 2053 videatur
388 1987 534 2071 proxime
556 1985 597 2050 ad
620 1985 790 2051 veritatem
812 1985 986 2067 accedere,
1008 2007 1091 2069 quae
1112 1983 1239 2052 Liuium
1260 1988 1293 2052 in
1316 2007 1367 2052 so·

223 2097 263 2161 lis
285 2095 383 2161 rebus
405 2093 562 2160 Graeciae
572 2093 742 2159 narrandis
765 2113 864 2177 opere
886 2093 1061 2179 Polybiane
1081 2116 1176 2160 usum
1197 2114 1269 2161 esse
1290 2116 1367 2161 eon·

222 2204 337 2285 tendit,
360 2205 470 2268 statim
494 2202 535 2268 ab
558 2202 653 2267 initio
675 2223 741 2267 non
762 2199 934 2267 verisimile
946 2201 1084 2285 videtur,
1106 2203 1139 2267 in
1160 2201 1257 2269 rebus
1278 2202 1366 2269 Ani·-

223 2331 280 2376 cae
301 2310 424 2376 fontem
445 2307 656 2395 Polybianum
676 2309 813 2374 inveniri
834 2329 941 2393 posse.

236 2419 239 2424 ’
278 2439 281 2444 ’
311 2419 358 2481 Ac
391 2415 531 2499 primum
560 2414 709 2499 quidem,
743 2414 830 2499 quod
853 2414 896 2479 ad
917 2435 945 2479 c.
972 2419 998 2495 l,
1025 2418 1130 2481 1-18
1152 2415 1301 2500 pertinet,
1324 2412 1364 2480 ad

224 2543 397 2609 quemnam
419 2522 542 2589 iontem
554 2542 593 2587 ea
614 2521 786 2587 reseranda
809 2522 886 2602 sint,
897 2521 1042 2587 dubitari
1062 2523 1177 2607 possit.
1210 2521 1273 2589 Sed
1290 2521 1366 2587 hae·

221 2653 330 2698 remus
352 2631 387 2698 in
408 2652 434 2699 c.
462 2636 490 2712 l,
516 2630 626 2696 121111
649 2629 756 2715 Scipio
777 2628 920 2714 legiones
941 2629 1118 2713 inspexisse
1131 2629 1259 2696 dicitnr.
1300 2631 1366 2696 An·

222 2745 276 2806 tea
307 2740 390 2806 enim
412 2740 448 2808 L.
466 2738 633 2821 XXVIIII,
667 2743 720 2820 45,
744 2743 763 2803 8
786 2738 866 2804 nihil
887 2738 950 2805 nisi
972 2760 1069 2804 naves
1091 2739 1122 2806 ei
1141 2738 1287 2805 decretas
1298 2758 1367 2805 esse

222 2847 423 2928 audivimus,
447 2852 545 2930 atque
553 2845 740 2927 LXXVIII,
751 2850 804 2927 45,
823 2850 862 2911 13
878 2866 950 2912 eum
973 2845 1125 2913 dilectum
1146 2868 1250 2932 neque
1269 2847 1367 2931 irnpe-

222 2960 347 3035 trasse,
369 2974 474 3037 neque
497 2972 691 3037 magnopere
719 2952 907 3019 tetendisse.
955 2954 1050 3032 Quod
1080 2952 1202 3021 invidia
1230 2955 1368 3022 maxime

225 3062 375 3155 lectionis
397 3060 564 3127 Fabianae
585 3061 705 3126 lactum
728 3082 809 3142 1111,
831 3060 866 3127 in
888 3068 1003 3147 aperto
1025 3069 1094 3146 est3
1117 3069 1244 3130 etcum
1266 3063 1367 3130 Weis-

225 3168 416 3233 senbornius
428 3169 461 3233 in
473 3169 681 3234 annotatione
692 3167 733 3234 ad
746 3168 928 3252 linxm,
961 3177 1000 3253 l,
1027 3176 1066 3236 12
1090 3171 1368 3253 demonstraverit,

225 3274 450 3341 Cannensibus
471 3274 651 3367 legionibus
673 3274 834 3358 abductis,
857 3276 974 3370 milites
996 3278 1030 3343 in
1052 3277 1162 3345 Sicilia
1184 3278 1367 3361 noninisse,

226 3383 369 3467 exceptis
381 3382 538 3467 Scipionis
559 3382 798 3475 voluntariis⁸¹t
822 3405 917 3452 nemo
938 3406 1017 3452 sane
1036 3385 1167 3468 videbit,
1194 3407 1275 3471 quus
1293 3408 1368 3454 nam

298 3542 343 3612 30)
362 3539 405 3596 Ita
421 3539 555 3594 fluctuant
573 3540 699 3594 locorum
717 3541 837 3612 nomino,
855 3558 888 3598 ao
902 3546 950 3596 res
968 3542 1044 3596 omni
1061 3558 1133 3598 nexu
1149 3542 1189 3600 ita
1205 3544 1277 3600 inter
1285 3561 1317 3599 11
1325 3561 1369 3602 11-

224 3634 301 3695 rent,
319 3636 351 3687 ut
368 3630 486 3700 aliquem
509 3632 648 3686 hominem
677 3632 788 3688 doctum
812 3634 940 3688 mutilam
957 3633 1029 3689 Livii
1050 3635 1233 3690 uenationem
1252 3653 1370 3706 quoquo·

224 3725 309 3781 modo
333 3725 501 3793 reparaviese
523 3729 612 3794 putee.
657 3725 707 3781 111.
730 3742 800 3794 quae
823 3743 847 3781 c
866 3729 912 3796 41,
934 3729 951 3781 3
979 3727 1015 3782 de
1039 3727 1140 3783 Castris
1158 3729 1229 3784 albis
1246 3728 1371 3801 legimus.

223 3816 345 3887 Iliturgin
363 3832 390 3871 1.
407 3819 451 3880 81,
470 3821 503 3887 8;
522 3816 637 3887 Bigerra
655 3835 680 3873 c.
699 3822 744 3883 41,
763 3822 815 3890 113
838 3820 944 3874 Munda
960 3820 1018 3875 sive
1035 3820 1130 3876 Mindu
1152 3838 1179 3876 1.
1198 3824 1243 3876 42.
1264 3823 1298 3891 1;
1316 3821 1369 3877 Au·

224 3909 285 3964 rinx
303 3908 347 3965 vel
363 3907 499 3978 Auringis,
518 3906 635 3979 Orongis
653 3914 708 3964 etc.
744 3927 769 3965 c.
793 3913 830 3965 42
857 3913 883 3965 5.
902 3911 975 3966 Galli
999 3928 1025 3966 1.
1043 3915 1088 3977 42,
1107 3913 1179 3968 6-8
1199 3914 1370 3985 111111111-

230 4007 293 4057 tura
314 4001 343 4056 in
371 4000 496 4056 ordinem
519 4007 714 4073 pervenerunt,
745 4008 793 4058 aut
811 4009 940 4073 corrupta
958 4008 1037 4075 sunt,
1064 4009 1111 4060 aut
1129 4004 1195 4075 quid
1214 4005 1267 4060 sibi
1284 4006 1372 4062 velint

226 4107 281 4144 non
299 4092 422 4160 apparet

298 4183 345 4249 31)
363 4182 498 4252 Legiones
508 4186 600 4238 eutem
611 4183 644 4240 la
653 4183 759 4254 XXIX,
785 4187 816 4254 1,
835 4187 870 4240 12
883 4191 1109 4242 commemoratas
1127 4203 1183 4240 non
1205 4185 1372 4241 voluntarios

226 4274 290 4330 illos
307 4290 376 4343 1111,
394 4290 457 4330 cum
475 4275 603 4346 Scipione
620 4277 650 4354 ip
667 4277 789 4334 Siciliam
807 4277 942 4348 trajectos
959 4295 994 4333 ex
1010 4278 1111 4348 XXIX,
1128 4282 1154 4346 1,
1174 4283 1198 4350 1,
1216 4278 1371 4334 111111111-

226 4366 290 4421 tarii
311 4366 474 4424 ordimntnr
496 4374 526 4422 et
549 4370 746 4434 centuriantur,
764 4374 793 4423 et
811 4373 949 4440 11114,
970 4373 1003 4427 1e
1020 4370 1369 4442 appenninumque
1446 4375 1451 4382 '

226 4459 420 4513 attribuuntur.
442 4489 471 4499 -
