3184 5325
835 529 875 591 10

283 713 442 764 consensu
475 719 548 764 cum
582 697 616 763 in
644 697 767 783 judicio
800 698 842 763 de
873 696 989 764 ceteris
1019 710 1111 783 oap'p.
1145 698 1278 765 ferendo
1309 698 1353 765 sit
1374 715 1428 764 exv

283 801 441 884 eundum,
472 803 506 870 id
524 807 594 890 jam
616 825 675 888 par
697 826 731 871 se
753 811 856 889 patet,
878 805 919 870 do
941 803 981 869 iis
1004 804 1101 870 rebus
1127 806 1257 871 omnino
1286 799 1341 889 agi
1364 821 1427 871 non

282 930 396 992 posse,
430 931 513 995 quae
535 910 577 977 ad
599 913 808 997 magistratus
841 911 1018 991 creandos,
1051 911 1209 997 prodigia
1221 911 1427 993 recensenda,

283 1015 365 1098 alia,
399 1038 483 1102 quae
503 1019 538 1084 in
558 1018 729 1085 annalibus
751 1019 931 1102 perscripta
954 1024 1065 1100 erant,
1100 1022 1283 1103 pertinent,
1316 1019 1428 1104 qualia

283 1129 362 1190 sunt
381 1122 484 1190 XXVI
507 1149 534 1192 o.
562 1130 661 1207 1-43
683 1146 709 1191 a
732 1127 878 1206 21-243
898 1148 927 1189 c.
951 1127 1090 1192 25-37.
1112 1125 1291 1209 xxviia.
1304 1129 1427 1206 4-11;

227 1252 233 1263 ·
282 1255 310 1298 c.
333 1236 478 1314 20-273
502 1257 528 1299 ο.
544 1236 595 1315 aa,
620 1232 904 1314 s-as.xxv111,
928 1255 955 1299 ο.
969 1238 998 1316 4,
1024 1238 1124 1315 5-73
1148 1237 1304 1300 eo-ra
1337 1233 1428 1313 Quae

280 1362 352 1408 cum
366 1361 386 1406 a
399 1339 532 1425 Polybio
545 1361 677 1424 prorsus
701 1340 815 1408 abesse
827 1340 978 1425 debeant,
1000 1341 1100 1408 missa
1121 1342 1294 1424 faciamus3
1317 1343 1374 1408 sed
1389 1364 1429 1409 ea

281 1465 419 1529 quoque,
442 1466 524 1529 quae
548 1465 601 1511 res
624 1444 765 1512 initalia
787 1445 830 1511 ab
847 1444 1029 1512 Hannibale
1051 1452 1084 1511 et
1099 1453 1298 1513 contraeum
1320 1453 1429 1530 gestas

281 1549 457 1635 continent,
479 1555 538 1616 aut
560 1546 726 1635 aPolybio
749 1570 883 1634 prorsus
906 1550 1111 1632 dissentiunt,
1133 1558 1192 1617 aut
1214 1551 1296 1617 talia
1317 1551 1427 1617 viden·

282 1662 345 1737 tur,
369 1656 428 1724 ubi
447 1657 629 1742 fragmenta
650 1678 709 1724 nos
724 1656 906 1738 deficiunt,
927 1656 981 1723 vix
1003 1662 1039 1722 ut
1061 1657 1095 1722 in
1117 1658 1299 1742 pragmatia
1319 1657 1426 1724 locum

279 1762 431 1834 habuisse
451 1765 587 1849 possint
631 1764 683 1830 Sic
705 1764 793 1849 apud
812 1764 936 1832 Livium
957 1763 1068 1846 XXVI,
1091 1786 1131 1831 o.¹
1147 1769 1272 1834 ll-17
1295 1765 1327 1831 in
1350 1785 1427 1830 nar·

279 1872 382 1939 nanda
394 1872 524 1958 Capuae
546 1875 784 1959 oppugnatione
806 1873 958 1955 traditur,
980 1872 1112 1940 Fulvius
1133 1874 1246 1941 consul
1266 1895 1331 1941 una
1353 1895 1425 1940 oum

278 1979 458 2065 legionibus
481 1980 593 2065 (lapua
613 1982 729 2054 relicta
741 1980 962 2050 Hannibalem
985 1981 1027 2047 ad
1036 1982 1173 2047 Romam
1195 1987 1426 2063 secutusesse,

279 2110 379 2174 quam
390 2091 613 2166 narrationem
624 2089 704 2157 nibil
715 2089 906 2157 crediderim
919 2112 1001 2171 esse,
1025 2090 1088 2156 nisi
1097 2091 1310 2157 imitationem
1323 2091 1426 2158 notis·

278 2198 350 2265 simi
370 2197 456 2265 illius
470 2199 596 2268 itineris
616 2198 755 2266 Neronis
776 2204 891 2265 contra
910 2197 1158 2265 Hasdrubalem.
1206 2199 1274 2267 Liv.
1295 2197 1448 2281 xxv11,·

280 2310 368 2386 ald,
382 2312 410 2372 9.
434 2307 587 2393 Polybius
608 2306 940 2376 autemcontrarium
963 2305 1073 2373 affert:
1094 2307 1150 2389 IX,
1167 2311 1230 2390 7,7
1253 2306 1426 2388 perardui

278 2417 330 2500 τῆς
345 2414 709 2502 cneocaesaream
727 2436 782 2479 ror
798 2415 952 2492 Ἄππιον,
974 2415 1117 2500 dicitque
1139 2415 1202 2496 lll,
1226 2420 1246 2480 8
1269 2414 1427 2483 Consules

279 2521 401 2590 dilectu
419 2522 505 2590 sorte
527 2522 586 2589 sub
608 2523 641 2588 id
663 2522 768 2606 ipsum
791 2528 919 2606 tempus
933 2521 1095 2604 instituto,
1119 2523 1311 2590 subitarium
1334 2543 1425 2588 exer·
1550 2601 1555 2612 ‚

280 2629 380 2724 sitnm
402 2637 516 2699 contra
537 2630 754 2699 Hannibalem
777 2630 938 2699 eduxisse.
960 2667 1003 2679 -
1044 2629 1135 2696 Idem
1157 2630 1298 2716 quadrat
1318 2631 1353 2698 in
1375 2652 1425 2714 aa,

279 2759 363 2829 qnae
384 2740 419 2807 in
439 2739 508 2809 Liv.
530 2738 614 2807 libro
635 2737 757 2807 XXVII
776 2737 947 2823 leguntur,
980 2759 1020 2804 ao
1041 2738 1179 2804 mamma
1199 2739 1234 2805 in
1256 2759 1310 2821 ea,
1341 2760 1426 2824 quae

279 2847 450 2934 depugna
472 2849 514 2915 ad
536 2848 719 2915 Metaurum
747 2852 940 2929 narrantur,
975 2869 1171 2933 quamquam
1202 2848 1364 2914 nonnullis
1390 2847 1424 2915 in

279 2957 376 3025 rebus
408 2978 478 3025 cum
501 2956 635 3041 Polybio
667 2956 817 3022 videntur
850 2957 1040 3023 consentire.
1095 2956 1159 3022 Sed
1191 2956 1286 3041 apud
1300 2956 1425 3022 Livium

279 3064 424 3149 legimus,
445 3065 582 3147 XXVII,
613 3070 665 3147 47,
690 3070 708 3130 9
731 3063 970 3131 Hasdrubalem
983 3087 1015 3131 a
1036 3064 1172 3131 ducibus
1193 3063 1359 3131 desertum
1381 3064 1425 3130 ad

278 3194 421 3259 pugnam
441 3181 588 3241 eoactum
610 3195 698 3256 esse;
717 3173 934 3259 PolybinsXI
957 3178 987 3256 3,
1013 3178 1028 3238 l
1055 3173 1166 3240 Gallos
1189 3172 1262 3240 vino
1284 3172 1424 3258 repletos

279 3284 366 3371 circa
387 3284 454 3349 vias
475 3289 597 3350 stratos
618 3282 717 3349 luisse
737 3289 875 3364 narrat‚.
899 3304 981 3368 quos
1001 3282 1112 3353 Liuius
1139 3303 1249 3350 somno
1271 3280 1425 3366 fatigatos

277 3393 312 3461 in
335 3398 455 3459 terram
478 3391 626 3477 delapsos
648 3391 788 3458 dixerat.

365 3500 430 3568 Sed
449 3522 501 3567 res
523 3501 558 3568 in
578 3501 739 3585 Hispania
760 3505 794 3567 et
816 3501 851 3565 in
876 3498 989 3566 Africa
1015 3522 1035 3564 a
1057 3498 1208 3584 Scipione
1226 3506 1335 3584 gestae
1356 3500 1424 3566 fere

278 3628 405 3693 semper
421 3607 534 3676 eodem
551 3608 657 3691 modo,
676 3630 742 3693 quo
759 3630 780 3675 a
795 3608 929 3693 Polybio
950 3614 1174 3691 exponuntur3
1196 3628 1422 3693 nonnunquam

277 3719 376 3785 etiam
385 3717 436 3800 iis,
453 3738 536 3801 quae
549 3717 584 3783 in
602 3717 717 3783 Italiae
728 3716 826 3782 rebus
838 3717 937 3800 gestis
948 3715 1120 3781 narrandis
1132 3714 1319 3796 afferuntur,
1331 3737 1422 3799 pror-

278 3846 332 3891 sus
344 3830 535 3908 repugnant.
580 3824 633 3890 Sic
648 3825 680 3889 in
695 3824 793 3891 rebus
804 3823 963 3906 Scipionis
975 3823 1144 3889 tradendis
1165 3844 1328 3909 nunquam
1344 3825 1423 3888 dioi-

279 3944 349 4014 tur,
373 3932 557 3999 Hasdrubal
590 3933 659 4017 sibi
685 3933 893 4017 proposuisse
924 3933 958 3998 in
973 3931 1113 3997 ¹ltaliam
1135 3933 1302 4018 trajicere,
1323 3933 1422 3998 immo

278 4048 355 4127 post
373 4060 514 4125 pugnam
536 4038 578 4105 ad
599 4039 775 4107 Baeculam
794 4039 915 4105 betam
947 4038 1085 4109 demum*
1104 4039 1231 4105 ridetur
1263 4040 1325 4105 boc
1345 4060 1424 4105 con·

278 4150 385 4217 silium
405 4149 548 4233 cepisset
571 4149 659 4233 quod
680 4151 715 4215 in
736 4150 775 4215 iis
797 4148 957 4233 partibus,
980 4169 1065 4232 quae
1085 4147 1128 4212 ad
1150 4148 1329 4214 realtaliae
1351 4169 1424 4232 pen

279 4259 394 4341 tinent,
417 4259 545 4343 saepius
566 4257 694 4342 legitur,
717 4257 849 4338 XXVII,
871 4279 899 4324 c.
924 4262 954 4321 6.
977 4278 1006 4322 ο.
1031 4263 1060 4321 7.
1081 4278 1109 4323 a
1133 4260 1185 4334 35,
1208 4259 1245 4337 ὃς
1274 4256 1423 4322 Romani·

279 4389 341 4452 que
363 4367 424 4433 boo
447 4368 559 4433 nuntio
582 4368 721 4451 perculsi
749 4366 940 4433 dictatorem
972 4367 1094 4432 dicunt.
1149 4364 1301 4448 Accedit,
1336 4364 1422 4450 quod

279 4475 399 4554 XXVI,
424 4480 483 4556 51,
507 4480 526 4540 3
568 4474 698 4541 Laelius
720 4470 916 4559 Carthagine
948 4495 1032 4541 nova
1063 4493 1084 4538 a
1105 4472 1254 4557 Scipione
1286 4472 1422 4539 Romam

280 4582 439 4665 mittitnr3
477 4581 610 4649 annales
638 4586 747 4649 autem
770 4580 949 4662 xxvu‚r
981 4581 1106 4662 dicunt,
1140 4601 1213 4647 eum
1242 4578 1424 4647 Tarracone

280 4715 349 4761 esse
372 4692 562 4779 prolectam.
618 4691 742 4772 Quibus
772 4690 960 4777 praemissis
989 4690 1031 4757 ad
1054 4689 1242 4775 eacapita,
1265 4709 1349 4774 quae
1370 4709 1424 4755 res
