3184 5325
644 474 685 536 31)

90 646 237 726 9-113
260 644 302 710 de
321 643 405 711 ludIs
427 641 583 709 faciendis
605 659 633 708 c.
660 646 716 724 ll,
746 645 872 708 11-14
893 643 1055 725 permixta
1083 661 1110 708 c.
1129 645 1256 712 10-12

92 752 298 833 afferuntur,
321 752 384 817 nisi
406 771 447 816 ex
463 749 641 816 ‚annalibus
663 750 835 833 desumpta
857 769 929 815 esse
952 770 1018 815 uon
1039 755 1187 834 possunt.
1251 767 1256 776 ·

176 860 220 925 In
235 860 325 925 libro
335 858 450 939 XXIX,
466 877 495 924 o.
520 859 560 922 12
576 857 742 942 Polybium
766 857 836 924 sine
853 856 952 923 dubio
965 858 1202 941 sequiturLiv.;
1223 880 1250 924 c.

96 969 156 1041 12,
170 969 187 1028 1
200 966 286 1029 enim
300 963 393 1029 moa:
418 962 606 1047 „neglectae
629 982 664 1028 ec
687 962 885 1028 directores
907 963 941 1027 in
964 961 1101 1028 Graecia
1122 968 1254 1048 erant;“

94 1073 134 1138 in
157 1072 281 1156 quibus
302 1071 409 1139 rethia
433 1070 687 1137 hominesidccti
716 1070 906 1150 haeserunt,
934 1071 1011 1154 quie
1037 1069 1165 1137 Livium
1199 1091 1253 1135 res

97 1199 192 1246 anne
215 1185 279 1245 207
301 1180 335 1246 in
358 1179 499 1246 Graecia
518 1183 629 1262 gestas
650 1177 810 1258 XXVIII,
833 1182 852 1242 e
885 1200 935 1262 sq.
959 1178 1111 1245 viderant
1136 1199 1254 1244 narra-

98 1289 201 1355 visse*
217 1293 316 1371 atque
337 1288 427 1354 inter
446 1286 521 1353 illas
542 1306 596 1351 res
617 1292 652 1353 et
671 1306 739 1365 eas,
762 1287 846 1369 quae
864 1288 931 1370 jam
953 1280 1146 1370 afferuntur,
1165 1286 1254 1351 bien·

98 1397 196 1461 nium
209 1395 410 1463 intercedere
424 1400 591 1480 negarent.
615 1394 680 1461 Sed
693 1393 858 1478 Polybius,
873 1394 907 1458 ni
922 1393 1028 1475 fallor,
1039 1416 1094 1460 res
1107 1394 1254 1477 XXVIII,

104 1508 125 1568 5
151 1524 174 1569 a
196 1502 288 1569 Livio
310 1508 461 1568 narratas
485 1503 518 1567 in
541 1523 660 1568 annum
684 1506 746 1566 203
768 1493 1256 1587 contulerat31ividseumse-

104 1615 205 1676 catus
228 1611 262 1676 in
287 1611 381 1677 annis
411 1610 635 1694 computandis
656 1608 800 1692 paullum
829 1609 962 1674 erravit.
1007 1608 1070 1674 Sed
1100 1629 1172 1675 eum
1193 1608 1253 1674 Po·

102 1717 216 1802 lybius
245 1737 298 1784 ies
327 1716 445 1783 duobis
466 1717 559 1782 arrhis
574 1757 575 1764 κ
589 1725 697 1799 gestas
729 1717 856 1798 semper
877 1716 911 1808 in
940 1735 1038 1781 unum
1059 1716 1254 1783 contrahere

101 1825 227 1906 suae,
257 1826 338 1891 haee
366 1826 439 1908 ipsa
471 1823 735 1892 commemoratio
763 1824 884 1888 biccaria?
912 1822 954 1888 ad
986 1843 1058 1888 cum
1090 1825 1255 1907 pertinere

102 1933 244 2000 videtur.
254 1969 256 1986 ι
266 1934 470 2014 Etiamoura,
478 1933 574 2016 quam
585 1931 654 1996 Liv.
667 1952 695 1998 c.
711 1933 761 2010 13,
776 1934 795 1996 3
818 1933 852 1996 in
875 1931 1184 1998 ciuitates'Graecae
1201 1932 1258 1997 reb

104 2041 258 2106 minimae
284 2041 527 2107 enumerandas
542 2039 698 2121 contulit,
726 2041 809 2121 alia,
832 2039 1001 2125 Polybium
1023 2041 1145 2107 fontem
1167 2040 1254 2105 indie

105 2152 195 2229 cant,
218 2168 259 2213 ne
281 2147 321 2213 de
344 2167 385 2215 eo
404 2147 521 2228 dicam,
543 2146 680 2231 quodin
702 2146 802 2213 rebus
813 2145 1113 2233 Gmecis'Polybius
1125 2166 1257 2231 semper

104 2260 294 2340 usurpatur.
437 2256 440 2264 ’
523 2283 526 2288 ’
655 2293 656 2302 1
1228 2281 1252 2296 ··

195 2358 286 2436 Quae
299 2357 417 2425 deinde
431 2358 468 2423 L
478 2357 594 2439 XXIX,
610 2360 791 2436 ,la—lec
810 2357 857 2424 da·
872 2357 1049 2441 pedorus
1068 2357 1251 2426 distributis

104 2487 133 2533 e.
158 2469 208 2545 13,
231 2465 273 2531 de
294 2465 448 2549 prodigiis
470 2486 497 2530 e.
527 2469 577 2543 14,
594 2469 698 2528 »1-·4.
722 2464 761 2529 de
783 2464 891 2530 Matre
911 2464 1011 2531 Idaea
1022 2486 1048 2530 c.
1062 2467 1254 2547 Idyia-Idy

105 2573 290 2656 deponitis
313 2573 446 2640 coloniis
480 2593 508 2637 c.
540 2577 597 2654 15,
629 2574 670 2639 dc
690 2573 863 2639 reddendis
895 2574 1040 2657 pecuniis
1070 2575 1190 2640 mutuis
1221 2595 1249 2639 c.

111 2687 162 2765 16,
185 2685 271 2748 1-4
292 2681 481 2762 efferuntur,
503 2681 675 2748 annalibus
696 2682 868 2748 debentur.

194 2790 338 2856 Tandem
361 2810 388 2854 c.
413 2792 454 2854 23
475 2788 586 2855 Livius
613 2788 699 2855 redit
729 2787 773 2854 ad
794 2788 954 2872 Scipionis
985 2788 1122 2871 bellum,
1153 2797 1251 2874 atque

111 2898 146 2962 in
165 2912 259 2982 capp.
283 2895 413 2981 quidem
438 2897 567 2962 23-ι24
589 2896 702 2963 eodem
724 2898 814 2962 fonte
829 2897 953 2979 utitur,
967 2916 1031 2980 quo
1052 2897 1115 2964 inl.
1134 2897 1258 2979 XXIX,

110 3009 202 3071 3-5.
248 3003 473 3070 Omuia'enim
494 3007 665 3089 quaejam
687 3009 878 3086 narrantur,
909 3024 981 3070 cum
1002 3005 1043 3070 iis
1065 3005 1247 3090 dequibus

109 3117 178 3179 tum
198 3110 357 3196 agebatur
377 3110 475 3177 rebus
498 3113 705 3178 consentiunt
727 3113 879 3194 atquead
892 3113 1145 3196 easrespieiunt
1187 3114 1247 3198 Sy·

109 3217 193 3303 pbax
212 3217 313 3301 igitur
334 3218 371 3282 L.
394 3218 510 3297 XXIX,
534 3220 587 3297 23,
612 3222 631 3281 2
655 3217 772 3284 dubiae
792 3217 869 3284 fidei
892 3223 951 3296 est,
975 3220 1059 3286 sicut
1080 3220 1117 3285 L.
1133 3220 1248 3303 XXIX,

112 3330 141 3407 3,
163 3328 243 3403 ,lde
266 3325 308 3392 ad
333 3331 534 3392 ‘conventum
556 3324 714 3409 Scipionis
744 3331 778 3391 et
798 3325 1013 3393 Hasdrubalis
1044 3328 1079 3392 in
1106 3329 1250 3413 hospitic'

112 3433 281 3518 Syphacis,
295 3433 338 3499 de
359 3454 423 3517 quc
445 3433 593 3514 XXVIII,
620 3439 657 3497 17
682 3434 804 3499 dictum
826 3439 916 3517 erat,
939 3435 1121 3519 respicitur,
1131 3435 1247 3520 XXIX,

114 3546 163 3623 23,
186 3546 219 3623 3,
238 3542 359 3621 addito,
395 3545 481 3627 „jam
503 3545 599 3607 ante“
622 3546 788 3609 narratum
822 3563 913 3624 esse,
942 3542 990 3608 ibi
1017 3543 1103 3611 iorte
1133 3545 1250 3611 ecdem

111 3657 248 3736 tempore
275 3672 315 3716 ex
335 3649 493 3734 HispanIa
514 3649 695 3734 Scipionem
726 3657 759 3717 ct
780 3650 1021 3717 Hasdrubalem
1040 3653 1256 3736 conueniss03¹

113 3758 227 3840 XXIX,
250 3763 309 3838 23,
339 3763 358 3821 6
381 3758 580 3824 Hasdrubali
606 3767 694 3825 reete
715 3760 749 3825 in
771 3765 914 3825 mentem
934 3759 1036 3840 venit,
1058 3760 1155 3826 eham
1178 3760 1248 3828 Sci-

112 3867 193 3950 pioni
222 3887 291 3932 esse
312 3863 425 3930 foedus
448 3886 520 3930 cum
542 3866 696 3950 Syphace,
720 3866 807 3950 quod
841 3866 988 3947 XXVIII,
1022 3869 1084 3949 18,
1113 3869 1154 3934 13
1182 3890 1248 3936 uae

114 3975 177 4041 ihre
197 3973 294 4040 verbo
308 3976 601 4040 commemoratum
623 3976 719 4056 erati
738 3974 854 4057 XXIX,
878 3978 930 4058 23,
954 3966 1107 4042 Silerum
1126 3979 1246 4045 mentio

112 4082 156 4163 fit,
176 4081 358 4165 Scipionem
376 4082 410 4161 in
426 4078 581 4166 Syphacis
604 4082 744 4166 bospitio
768 4099 840 4148 cum
861 4082 1070 4150 Hasdrubale
1099 4104 1246 4168 congrae⁴

113 4212 177 4257 sum
197 4210 277 4257 esse.
321 4188 586 4271 DemdeXXIX,
606 4189 659 4272 21,
684 4194 702 4255 5
725 4189 922 4274 colloquium
943 4190 1151 4256 Massinissae
1173 4212 1256 4261 cmm·

113 4297 213 4364 beabo
235 4305 523 4379 commemoratur,
552 4297 630 4381 quid
653 4296 846 4365 Massinissa
875 4319 895 4362 a
919 4298 1079 4382 Scipione·
1098 4299 1256 4382 postula-2

115 4407 203 4487 verit,
232 4407 274 4473 de
297 4427 362 4489 qua
383 4427 421 4472 re
464 4407 588 4487 XXIX,
611 4412 642 4490 4,
663 4410 682 4469 8
705 4407 820 4472 iisdem
843 4407 911 4472 fere
932 4407 1039 4473 verbis
1054 4401 1163 4474 actium
1184 4414 1244 4474 est.

114 4512 216 4597 Itaque
237 4514 318 4581 baec
338 4514 405 4581 duo
427 4516 537 4598 eapite
560 4520 594 4583 et
616 4515 777 4583 anteriore
810 4535 895 4583 nexu
924 4520 957 4581 et
987 4515 1143 4583 interiore
1171 4535 1244 4581 cum

113 4623 189 4688 inter
209 4644 253 4703 se,
281 4630 350 4689 tum
373 4645 445 4689 cum
468 4644 505 4689 eo
529 4624 628 4706 fonte,
651 4644 745 4708 quem
768 4624 802 4688 in
823 4623 987 4708 prioribus
1010 4624 1168 4708 Scipionis
1192 4645 1246 4690 ex·

916 4738 961 4801 3*
