3184 5325
231 626 412 715 Hispaniae
430 631 465 692 et
483 624 618 693 Africae
629 626 814 700 ¹cout'rnent,
838 644 924 710 quae
935 621 1069 711 Polybio
1087 624 1253 696 simillima
1275 645 1380 715 neque

232 738 404 799 temones
426 751 464 798 eo
486 729 660 813 desumpta
680 729 830 810 dirimas,
853 750 913 795 nos
934 735 1169 798 convertamus.

221 901 223 906 ,
321 838 377 904 Ac
390 836 531 922 primum
553 836 701 921 quidem,
736 836 764 902 si
785 838 991 904 narrationes
1020 857 1128 904 rerum
1154 838 1189 905 in
1210 840 1260 907 his
1281 845 1380 909 terris

232 952 398 1032 metarum
419 946 674 1032 perlustramus,
704 945 872 1012 haeremus
892 946 927 1011 in
949 946 1032 1014 libro
1053 948 1152 1029 XXV,
1174 971 1201 1015 c.
1225 955 1379 1017 32-39.

232 1054 362 1120 Etenim
383 1075 456 1120 cnm
478 1055 513 1122 in
534 1052 596 1120 hoc
616 1052 701 1119 libro
729 1073 784 1120 res
815 1053 852 1118 in
873 1052 969 1120 Italia
1000 1058 1111 1139 gestae
1140 1058 1379 1125 accuratissime

231 1160 451 1246 explicentur,
473 1160 664 1230 nominibus
680 1148 866 1244 regionam,
896 1160 1045 1243 urbium,
1074 1162 1218 1230 uicorum
1240 1164 1379 1246 additis,

231 1268 528 1353 mirum-quantum
550 1287 661 1334 earum
684 1287 792 1334 rerum
808 1266 1011 1351 inllispsnia
1033 1269 1076 1334 sit
1098 1270 1266 1354 scriptoris
1288 1272 1378 1355 igno·

230 1375 348 1442 rentia.
391 1374 525 1442 Publius
548 1374 647 1458 igitur
670 1376 704 1438 et
726 1372 783 1438 (ln.
796 1372 903 1457 Scipio
926 1395 967 1440 ex
987 1373 1141 1458 hibernis,
1164 1398 1248 1461 quae
1268 1379 1379 1463 ignote

230 1489 324 1564 sunt,
356 1482 623 1567 proficiscuntur;
645 1502 672 1546 c.
697 1485 749 1562 32,
776 1485 812 1559 1;
843 1481 928 1547 alter
950 1488 1065 1550 contra
1086 1482 1271 1570 Magonem,
1294 1487 1378 1552 alter

230 1597 342 1659 corma
362 1589 602 1658 Hasdrubalem
623 1587 847 1667 iterfaciens,
881 1610 964 1673 qnos
985 1589 1042 1656 ubi
1064 1599 1231 1658 versentur
1253 1594 1378 1677 ignora·

228 1715 311 1778 mus,
333 1696 395 1766 nisi
409 1695 495 1781 quod
503 1694 672 1780 Magonem
681 1694 823 1778 quinque
835 1693 959 1764 dierum
967 1695 1032 1762 iter
1053 1696 1168 1762 abesse
1180 1699 1328 1766 audimus
1339 1700 1377 1782 ⁸).

229 1803 363 1872 Publius
396 1809 504 1870 antem
528 1823 548 1869 a
569 1801 687 1872 Poenis
720 1801 959 1870 circumventus
986 1822 1059 1868 cum
1083 1806 1227 1874 exercitu
1249 1805 1378 1874 deletur

229 1911 342 1996 paucis
370 1909 514 1996 perfugis
546 1909 668 1978 relictis
690 1931 717 1975 e.
744 1911 804 1989 35,
832 1912 883 1989 153
921 1927 1026 1993 neque
1049 1909 1183 1993 dicitur,
1207 1933 1271 1997 quc
1292 1912 1376 1980 loco⁴

230 2018 349 2088 cneus
370 2024 484 2088 contra
505 2019 547 2088 ab
570 2017 723 2100 Hispanis
746 2016 940 2090 destistutus
962 2037 997 2083 se
1018 2018 1148 2102 recipit,
1172 2041 1277 2105 neque
1299 2021 1378 2088 dici·

229 2132 300 2208 tur,
327 2127 362 2192 in
383 2147 481 2211 quem
501 2126 685 2211 regionem
717 2123 910 2192 Poenicum
933 2125 1093 2208 persecuti
1115 2126 1378 2209 nucumveninnt,

232 2255 335 2319 neque
358 2234 486 2316 dicitur,
511 2233 678 2320 quoloco.
703 2254 732 2298 c.
757 2237 911 2298 35—36.
963 2233 1056 2302 Nunc
1078 2232 1205 2300 demum
1229 2258 1257 2302 c
1280 2241 1333 2317 37,
1357 2242 1377 2302 8

228 2343 388 2425 audimus,
407 2343 536 2412 Poenos
547 2341 703 2434 Hibpmm
717 2341 895 2422 transiisse,
916 2339 1002 2405 uude
1023 2348 1171 2427 apparet,
1195 2364 1279 2429 quse
1301 2352 1378 2413 ante

230 2457 365 2522 narras
388 2454 505 2533 erant,
519 2450 552 2518 ln
574 2449 728 2526 ulteriora
750 2448 908 2532 Hispania
930 2454 1024 2533 gesta
1045 2471 1135 2532 esse;
1156 2451 1298 2520 Marcius
1320 2477 1377 2522 eu·

228 2566 306 2643 tem,
318 2579 427 2645 ‚eqaes
448 2545 626 2640 Romanus,
649 2578 750 2643 parvo
772 2557 915 2626 exercitu
937 2557 1072 2626 collecto
1093 2561 1234 2644 primum
1250 2562 1377 2631 Poenos

228 2692 249 2737 a
270 2670 358 2757 uallo
379 2674 523 2751 meret,
546 2673 616 2735 tam
640 2688 702 2737 uuo
727 2671 822 2735 nocta
844 2666 910 2734 duo
931 2675 1040 2737 castra
1061 2669 1240 2738 Poenorum
1265 2673 1375 2759 oppri-

227 2779 287 2847 mit
307 2779 468 2862 sepeque,
491 2776 545 2841 six
566 2776 680 2843 nuntio
702 2775 804 2841 eladis
827 2775 950 2841 relicto.

318 2886 435 2969 Itaque
456 2884 544 2951 intra
565 2888 690 2969 septem
723 2884 865 2967 capitum
892 2884 1035 2968 spatium
1057 2906 1168 2954 omnes
1189 2887 1289 2955 Poeni
1312 2912 1377 2958 non

227 2994 334 3061 miuus
354 2993 472 3063 misere
491 2991 679 3077 perierunt,
709 3010 805 3076 quam
827 2992 982 3075 Romani;
1011 3012 1072 3063 nes
1103 3001 1212 3062 autem
1242 3020 1313 3063 cum
1337 3021 1377 3066 er

228 3106 301 3171 tota
321 3099 554 3185 descriptione,
589 3105 657 3167 tum
682 3121 723 3167 ex
744 3101 784 3169 iis
808 3121 893 3184 quae
923 3109 1120 3186 sequuntur,
1160 3106 1376 3188 suspicionem

227 3208 382 3293 capimus,
401 3229 455 3275 res
476 3206 610 3277 nonita
631 3212 739 3291 gestas
761 3229 843 3290 essa,
865 3208 949 3274 sicut
959 3209 1069 3276 Livius
1090 3211 1240 3299 narrat9)
1285 3213 1375 3280 Haec

228 3317 337 3385 omnia
370 3316 454 3383 enim
489 3335 607 3399 magno
642 3315 812 3385 verborum
844 3317 1016 3401 splendore
1044 3324 1162 3386 ornata
1183 3327 1281 3405 atque
1299 3329 1376 3389 arte

229 3423 392 3492 rhetorica
415 3421 559 3506 expolita
589 3422 677 3488 inter
708 3423 942 3505 pulcherrimas
978 3426 1085 3508 operis
1106 3426 1232 3493 Liviani
1265 3435 1378 3512 partes

229 3532 436 3612 referuntur3
465 3534 565 3615 stque
586 3529 715 3595 videtur
737 3531 876 3616 scriptor
897 3554 937 3596 ex
957 3531 1019 3598 hac
1041 3535 1242 3617 narratione,
1265 3558 1377 3621 quam·

227 3661 325 3726 quam
362 3638 449 3704 omni
485 3638 653 3722 regionum
689 3637 876 3707 definitione
906 3643 941 3706 et
971 3660 1081 3706 rerum
1113 3642 1199 3708 inter
1220 3664 1256 3709 se
1289 3664 1373 3711 nexu

226 3753 326 3828 caret,
349 3748 443 3830 quasi
464 3746 617 3831 gaudium
638 3745 801 3830 quoddam
823 3748 1009 3831 percepisse
1020 3750 1071 3834 ¹⁰).

299 3920 332 3986 8)
347 3916 471 3985 Accedit,
490 3916 563 3986 quod
581 3917 656 3972 locus
674 3934 731 3972 non
749 3918 784 3972 ab
804 3919 881 3973 omni
903 3919 1028 3990 graviore
1045 3923 1202 3991 comptela
1219 3928 1312 3993 vacat,
1329 3905 1378 3980 ‘sic

227 4015 316 4077 (1.32,
336 4015 352 4066 2
370 4029 422 4082 pro
444 4010 518 4066 »lbi«
539 4011 618 4065 malis
635 4028 737 4066 nomen
755 4012 832 4067 urbis
849 4013 921 4085 legi,
948 4018 1058 4084 poteras
1076 4014 1111 4070 de
1132 4016 1212 4071 ›Ide‹
1231 4017 1275 4072 vel
1295 4018 1376 4073 ›Ibe‹

226 4105 269 4174 (la.
288 4104 421 4171 xxvlu,
439 4105 491 4169 21,
509 4103 539 4174 7)
557 4104 694 4176 cogitem
723 4106 807 4161 etiam
825 4106 980 4178 Amtorgis,
1001 4125 1025 4164 c.
1044 4111 1095 4173 32,
1112 4111 1143 4172 d,
1173 4111 1215 4164 vel
1234 4111 1377 4183 Amorgos,

226 4202 306 4268 (122,
325 4215 380 4254 non
398 4201 493 4269 petest
510 4202 584 4253 recte
602 4196 716 4269 habam
734 4214 846 4269 prorsus
863 4205 995 4271 corrupta
1006 4206 1072 4256 sunt
1088 4219 1112 4257 c.
1123 4206 1167 4272 33,
1186 4207 1266 4259 2-3.
1284 4205 1376 4261 Etim

167 4346 171 4352 ,
225 4291 299 4349 ratic
316 4290 497 4363 belligerandi
515 4307 541 4347 c.
559 4293 604 4359 22,
620 4294 693 4347 4-6
711 4294 803 4357 1122,
825 4296 859 4349 10
876 4311 932 4349 non
949 4294 1122 4366 perspicitur.

296 4387 325 4457 9)
343 4386 385 4442 Da
413 4384 624 4441 difficultatibus
648 4384 849 4459 chronologicis
876 4387 956 4444 huius
974 4389 1028 4444 loci
1046 4388 1095 4445 alr.
1113 4388 1147 4446 U.
1166 4391 1279 4458 Becker,
1307 4393 1376 4449 Vor-

225 4480 348 4536 arbaiten
365 4497 399 4533 ru
417 4477 492 4534 einer
510 4476 676 4534 Geschichte
693 4478 742 4534 des
767 4470 831 4535 sstem
849 4478 999 4552 punisohen
1016 4482 1131 4557 Krisgaa
1149 4483 1189 4552 (in
1208 4483 1377 4542 Dahlmanns

224 4572 418 4644 Fcrsclrungon
433 4571 469 4642 11,
488 4570 533 4641 2);
551 4590 580 4643 p.
598 4575 680 4628 llll·-
691 4577 753 4628 114.

299 4667 343 4736 10)
362 4665 424 4725 Non
441 4665 500 4723 aine
518 4665 609 4736 aliqua
626 4666 748 4724 veniatis
765 4667 858 4740 specie
876 4667 1028 4740 Claudium,
1046 4669 1093 4739 qui
1111 4668 1228 4729 Annales
1240 4670 1377 4729 Acilianos
