3184 5325
166 580 209 642 22
232 574 410 642 invenimus
433 577 468 641 et
496 574 530 639 in
552 570 701 657 partibus
723 570 908 656 Polybianis
931 563 1096 655 nunquam
1128 572 1233 639 solent
1254 555 1310 639 de·

168 703 251 749 esse.
296 681 377 747 Tum
400 701 476 747 vero
499 665 675 764 cmoritur,
697 699 772 743 num
796 675 949 763 Polybius
971 678 1051 744 baec
1079 679 1186 745 omnia
1209 700 1308 763 expo·

164 789 277 871 suerit,
309 793 368 854 aut
388 792 456 853 tam
489 784 557 853 late
589 785 782 869 exposuerit,
806 789 923 868 atque,
945 789 983 850 nt
1003 783 1064 851 bno
1085 784 1309 867 concedamus,

164 917 243 962 num
264 882 325 962 hoc
346 896 419 979 ipso
440 893 512 960 loco
534 891 657 960 fecerit.
702 891 785 956 Nam
808 893 837 957 si
860 890 924 958 alio
944 891 1016 957 lo'co
1040 893 1187 976 exposita
1206 897 1310 972 erant,

168 1023 334 1069 senonen
356 1002 423 1069 aeri
444 1000 549 1067 simile
572 1005 632 1079 est,
677 997 802 1082 Livium
827 1003 885 1063 aut
906 998 1032 1082 priores
1045 1004 1103 1065 aut
1113 999 1311 1083 posteriores

165 1110 268 1177 libros
290 1109 332 1176 ad
354 1109 435 1176 haec
456 1108 565 1192 capita
587 1105 801 1173 describenda
823 1106 1025 1191 inspexisse3
1047 1103 1223 1174 nibIlenim
1241 1127 1311 1173 rer·

166 1224 238 1285 tere
260 1217 397 1299 solebat,
420 1216 481 1283 nisi
503 1214 590 1301 quod
611 1214 646 1281 in
667 1220 822 1298 promptu
843 1220 922 1280 erat.

253 1325 369 1409 Itaque
391 1344 432 1390 ex
453 1321 588 1409 Polybio
612 1321 779 1407 digressus
801 1321 857 1388 ille
880 1343 945 1388 non
966 1321 1311 1406 rideturdesumptus3

168 1451 272 1516 noque
294 1452 371 1498 vcro
393 1430 495 1516 magis
517 1434 655 1510 censat,
679 1450 718 1494 ex
740 1448 883 1513 quonam
905 1426 1079 1495 aliofonte.
1113 1428 1184 1496 Dici
1203 1434 1312 1496 tamen

166 1540 285 1621 potest,
308 1555 479 1601 excursum
501 1555 521 1600 a
543 1533 651 1617 capito
672 1533 714 1598 29
737 1531 951 1617 separandum
964 1553 1028 1600 nnn
1047 1553 1127 1614 esse,
1146 1533 1225 1617 quia
1236 1533 1313 1599 inde

167 1643 295 1708 initium
317 1642 437 1726 capiat,
461 1640 548 1726 qnod
567 1639 758 1706 Massinissa
779 1638 823 1705 ad
845 1638 1027 1723 Scipionem
1048 1641 1240 1724 pervenerit,
1263 1646 1312 1707 at·

168 1769 232 1834 qne
252 1749 351 1815 rebus
372 1770 394 1814 a
415 1748 607 1815 Massinissa
630 1748 729 1831 gestis
752 1745 915 1814 enarratis
934 1746 1083 1831 explicet,
1106 1749 1148 1834 (c.
1162 1746 1219 1836 33)
1232 1769 1312 1833 quo·

168 1876 254 1923 mam
276 1856 373 1923 modo
395 1861 465 1922 tum
487 1855 625 1921 maxime
647 1853 689 1920 ad
712 1854 876 1921 Romanos
898 1855 1038 1921 transire
1060 1855 1213 1938 potnerit.
1269 1856 1313 1922 Et

167 1963 293 2030 initium
316 1963 416 2047 igitur
438 1966 472 2029 et
493 1962 568 2028 finis
600 1982 672 2027 cum
706 1965 817 2028 cetera
850 1961 1038 2028 namatiene
1064 1964 1237 2046 conjuncta
1267 1961 1312 2027 vi·

169 2069 296 2136 dentur.

255 2173 495 2259 Reputantibns
519 2179 639 2255 antem,
661 2194 757 2257 qnam
780 2193 856 2241 raro
882 2173 991 2240 Livius
1013 2173 1048 2239 iu
1069 2174 1232 2240 uenando
1265 2175 1312 2241 ‹li-

168 2302 311 2366 gressum
342 2303 362 2347 a
388 2282 557 2366 proposito
585 2285 738 2364 usurpet,
771 2280 873 2365 magis
896 2281 993 2346 etiam
1015 2301 1208 2365 persuasum
1238 2281 1312 2364 erit,

169 2389 213 2456 ab
233 2409 271 2456 eo
294 2409 465 2455 excursum
476 2388 567 2454 illum
588 2388 723 2454 insonte
740 2408 799 2454 sno
816 2387 878 2454 boc
889 2388 961 2471 ipso
973 2386 1043 2454 loco
1057 2389 1312 2456 esseinventum.

170 2498 320 2579 Accedit,
344 2497 429 2582 quod
452 2518 557 2582 neque
579 2502 677 2564 antea
697 2517 803 2580 neque
830 2501 947 2580 postea
974 2495 1126 2578 affertur,
1157 2496 1191 2563 id
1224 2498 1311 2582 quod

168 2607 336 2692 Appianas
358 2609 491 2688 narrat,
512 2604 642 2692 Libyca.
674 2626 702 2672 c.
716 2604 756 2687 X,
767 2603 989 2672 Massinissam
1012 2608 1088 2672 ante
1112 2605 1235 2672 Cirtam
1258 2629 1311 2673 ur·

168 2715 244 2783 bom
274 2722 404 2799 captam
438 2735 550 2781 amere
591 2736 663 2778 cum
694 2713 881 2798 Sophoniba
910 2717 1115 2798 conjunctum
1146 2714 1246 2780 fuisse
1279 2724 1313 2782 et

170 2828 305 2909 propter
333 2822 477 2908 puellam
509 2822 572 2888 sibi
602 2826 749 2907 ereptam
771 2821 1089 2906 Carthaginiensibus
1120 2826 1153 2887 et
1175 2821 1312 2907 Syphaci

170 2931 458 2999 infensumlaotum
468 2951 550 2997 esse.
572 2930 680 2996 Etiam
697 2949 851 2996 excursus
863 2929 930 2995 Lis.
946 2928 1061 3010 XXIX,
1072 2933 1124 3011 29,
1139 2934 1250 2996 6--334
1262 2935 1314 2996 ta-

169 3037 214 3104 lia
236 3058 300 3104 non
322 3037 431 3120 habet,
454 3036 512 3103 sed
535 3027 570 3102 iri
590 3035 642 3102 his
664 3057 793 3121 qnoque
816 3035 913 3103 rebus
942 3057 1069 3120 semper
1101 3059 1173 3103 cum
1205 3043 1313 3104 cetera

170 3144 357 3211 narratione
378 3144 549 3212 consentit.
595 3142 688 3221 Quod
711 3149 821 3209 antem
841 3142 876 3207 in
908 3141 961 3207 his
989 3143 1151 3226 capitibus
1182 3147 1312 3210 29-33

170 3251 324 3318 nonnulla
346 3251 562 3331 inveniuntur,
585 3271 671 3335 quae
692 3250 755 3316 nIsi
770 3250 834 3334 vqui
856 3270 929 3315 cum
951 3248 1140 3317 Massinissa
1161 3272 1313 3337 congres-

170 3380 226 3425 sus
256 3363 343 3439 erat,
372 3357 424 3423 vix
453 3361 585 3440 poterat
605 3358 708 3436 scire,
741 3356 948 3424 nullomodo
977 3358 1160 3425 sententiae
1181 3364 1313 3431 nostrae

171 3462 297 3547 obstat,
327 3485 402 3531 nam
425 3465 525 3533 etiam
548 3485 631 3550 quae
652 3465 697 3547 L,
720 3464 821 3545 XXX,
846 3467 974 3531 ll—-lt
997 3466 1143 3550 exposita
1152 3475 1312 3551 sunt,ac-

171 3574 404 3640 curatissimam
426 3573 639 3659 cognitionem
660 3593 741 3657 prae
763 3572 930 3640 scierunt.
974 3574 1105 3659 Itaque,
1117 3596 1313 3661 quamquam

171 3703 236 3748 non
257 3702 390 3766 prorsus
413 3686 536 3749 eertum
555 3681 708 3767 Judicium
731 3681 887 3748 audemus
907 3682 1004 3764 larse,
1027 3687 1136 3749 tamen
1152 3705 1218 3751 non
1232 3685 1313 3750 mul·

170 3795 241 3855 tum
263 3790 443 3856 aventato
475 3790 569 3857 mobis
592 3789 738 3856 ridemur
759 3788 931 3869 aberrare,
968 3788 995 3854 si
1018 3809 1045 3853 c.
1067 3789 1182 3873 XXIX,
1216 3795 1270 3874 29,
1292 3796 1311 3856 6

174 3896 258 3963 -33
280 3897 322 3962 ad
346 3897 481 3964 eundem
504 3897 707 3980 iontem,.ad
730 3919 825 3982 quem
847 3918 958 3964 omnes
978 3898 1181 3991 narrationes
1203 3922 1312 3967 reram

170 4007 204 4073 in
215 4005 326 4073 Africa
348 4011 382 4072 et
404 4006 564 4092 Hispania
586 4029 608 4074 a
630 4006 778 4092 Scipione
801 4010 964 4092 gestarum
988 4006 1312 4092 pertinerbdisimus.

257 4113 361 4191 Quam
392 4115 679 4183 arctoautemLiv.
692 4114 816 4197 XXIX,
837 4137 864 4181 c.
887 4117 1016 4182 34-36
1037 4116 1311 4201 cumXXIX329,

170 4221 350 4304 cohaereat,
373 4245 446 4288 curn
478 4244 537 4307 per
558 4244 595 4289 se
616 4229 727 4309 patet,
760 4229 830 4288 tum
854 4223 952 4290 etism
976 4229 1175 4307 apparetur
1196 4225 1312 4308 XXIX,

171 4334 223 4408 33,
257 4333 293 4413 3,
327 4330 384 4398 ubi
415 4331 587 4416 respicitur
621 4331 663 4396 ad
686 4331 846 4417 Scipionis
867 4336 975 4398 castra
1002 4331 1044 4396 ad
1067 4332 1206 4410 Uticam,
1228 4355 1313 4418 quae

170 4437 213 4504 ab
236 4458 275 4505 eo
297 4443 386 4505 mota
409 4460 479 4505 esse
502 4445 698 4506 narrantum
732 4440 843 4525 Atque
864 4461 936 4507 oum
959 4439 1135 4507 baeninter
1150 4462 1185 4509 so
1198 4443 1312 4510 eabae·

170 4551 275 4629 noant,
298 4568 339 4615 ex
360 4547 422 4614 boo
444 4547 517 4632 ipso
538 4547 610 4615 loco
631 4548 736 4634 magis
759 4549 858 4617 etiam
867 4548 1086 4617 demonstrari
1099 4553 1218 4636 potest,
1227 4571 1312 4636 qnae
