3184 5325
696 348 738 410 33

202 518 329 604 Itaque,
344 537 427 601 quae
435 515 469 582 16
477 515 636 600 capitibus
650 517 717 583 Lir.
726 516 843 598 XXIX,
857 521 887 598 3,
901 520 992 581 6-c.
1008 519 1026 581 5
1038 516 1186 600 exposita
1196 521 1282 598 sunt,

121 626 274 694 eundem
296 626 419 692 fontem
440 621 572 708 babent,
595 646 692 709 quem
722 626 758 691 in
787 624 885 691 rebus
907 623 1084 708 Hispaniae
1112 625 1284 692 narrandis

120 735 377 814 inveneramus,
405 732 527 799 fontem
560 753 668 798 rerum
702 731 989 817 geographicarum
1017 731 1100 798 bene
1131 733 1282 816 peritum,

121 840 452 925 Carthaginiensium
480 860 534 904 res
564 843 715 905 accurate
749 844 984 923 exponentem,
1021 839 1093 923 (cfr.
1126 839 1282 921 subsidia,

123 965 218 1033 quae
242 949 277 1016 L.
301 948 421 1029 XXIX,
443 952 481 1028 4,
513 951 531 1011 6
563 947 693 1032 Magoni
714 948 905 1032 mittuntur)
938 953 972 1015 et
1002 968 1104 1032 aeque
1124 948 1207 1015 bene
1229 969 1282 1015 res

124 1055 297 1121 Romanas
307 1054 505 1134 afferentem,
518 1059 617 1138 atque
638 1055 674 1119 in
695 1054 795 1120 rebus
818 1054 870 1120 vel
891 1054 1031 1122 minimis
1052 1076 1281 1138 cumeoqusm

125 1164 212 1227 ante
234 1161 460 1241 habueramus,
482 1160 571 1227 fonte
592 1160 856 1226 consentientem.
869 1196 910 1210 -·

112 1334 116 1339 .
222 1268 347 1335 Deinde
369 1269 406 1334 L.
423 1269 550 1350 XXIX,
573 1273 605 1351 6,
638 1273 653 1333 l
685 1270 767 1335 satis
788 1269 899 1352 inepte
911 1269 1069 1336 transitus
1084 1268 1123 1334 fit
1132 1269 1173 1334 ad
1182 1269 1279 1335 aliam

126 1397 204 1444 rem
233 1376 418 1462 fontemque
450 1387 593 1462 prorsus
619 1376 790 1443 diversum.
842 1376 971 1442 Etenim
1001 1398 1073 1442 cum
1104 1376 1282 1444 Locrorum

127 1484 331 1569 expugnatio
354 1484 395 1549 ad
419 1504 468 1564 ea,
491 1505 574 1568 quae
595 1489 674 1549 ante
695 1483 887 1565 dictasunt,
910 1504 976 1550 non
995 1485 1159 1552 rideretur
1180 1486 1283 1568 perti-

128 1610 221 1668 nere,
234 1588 351 1668 Livius,
362 1591 523 1654 rationem
528 1587 751 1654 inveniendam
759 1594 863 1670 ratus,
876 1602 942 1672 qua
951 1588 1010 1654 has
1020 1589 1223 1655 narrationes
1232 1589 1281 1654 di-

128 1692 335 1758 versissimas
353 1695 514 1777 jungeret,
547 1697 615 1758 tam
646 1691 845 1776 negligenter
867 1692 951 1776 egit,
971 1697 1009 1759 ut
1026 1693 1126 1758 alium
1159 1691 1280 1758 sontem

129 1796 286 1879 incipere,
304 1798 373 1881 jam
394 1793 469 1861 inde
488 1794 636 1861 concludi
657 1793 826 1879 possit³²).
860 1787 925 1864 Res
947 1797 1280 1879 66166166666666-

128 1903 182 1969 tio
204 1902 449 1988 expugnationis
472 1908 505 1968 et
526 1924 625 1969 causa
645 1903 836 1986 Plemminii,
859 1902 978 1972 fontem
1010 1925 1029 1967 a
1055 1908 1166 1970 nostro
1188 1924 1281 1987 pror·

129 2032 189 2077 sus
208 2011 454 2078 dissentientem
474 2011 615 2095 sapiunt.
672 2045 674 2050 ⁴
1151 2071 1157 2082 ,

222 2118 337 2184 Omnia
361 2121 447 2185 enim
467 2120 709 2186 accuratissime
730 2119 876 2204 exposita
898 2124 984 2201 sunt,
1008 2139 1047 2185 ao
1068 2119 1280 2187 1661166666-

132 2228 239 2294 ratius
261 2227 402 2312 quidem,
424 2247 521 2310 quam
545 2227 617 2312 quis
639 2248 700 2310 pro
723 2228 770 2294 rei
791 2229 950 2311 gravitate
972 2232 1157 2311 exspectet3
1189 2228 1281 2314 flagi·

135 2335 184 2403 tia
205 2334 357 2419 praesidii
378 2334 532 2415 Romani,
562 2334 680 2415 XXIX,
708 2355 734 2400 6
757 2338 788 2416 8,
813 2339 905 2402 6-6,
931 2338 993 2416 10;
1014 2334 1134 2402 invidia
1156 2337 1199 2403 ob
1221 2337 1280 2406 hes

137 2463 191 2510 res
211 2443 334 2510 Romae
363 2443 398 2507 in
420 2442 601 2525 Scipionem
640 2448 715 2509 orta
745 2441 871 2524 XXIX,
898 2445 952 2518 16,
986 2446 1007 2507 4
1040 2443 1150 2508 multis
1171 2444 1280 2511 verbis

133 2554 348 2634 exponuntur,
370 2570 409 2614 ac
430 2549 558 2616 videtur
579 2549 650 2616 lons
673 2555 784 2616 noster
807 2569 847 2614 ex
869 2548 929 2615 hoc
951 2549 1025 2615 odio
1046 2551 1080 2615 16
1099 2548 1279 2635 Scipionem

135 2657 229 2742 quasi
242 2656 394 2742 gandium
406 2655 569 2741 quoddam
579 2655 712 2740 cepisse.
734 2654 901 2740 LXXIX,
931 2660 982 2739 19,
995 2660 1014 2721 3
1030 2677 1057 2722 c.
1070 2660 1124 2740 20,
1140 2662 1277 2724 leto.—

134 2766 241 2849 Atque
262 2769 299 2830 ut
326 2765 361 2829 in
382 2764 564 2828 universum
587 2763 627 2829 de
648 2763 706 2846 iis,
729 2784 813 2847 quae
834 2764 868 2827 in
889 2762 974 2829 libro
995 2764 1112 2845 XXIX,
1136 2770 1222 2832 6-8
1244 2775 1280 2834 et

134 2871 248 2955 XXIX,
264 2875 391 2938 16-23
403 2864 537 2937 narrata
559 2875 650 2951 sunt,
669 2869 870 2955 judicemus,
891 2871 1048 2937 nonnulla
1069 2870 1163 2940 nobis
1187 2874 1278 2941 iuve-

135 2983 220 3059 nisse
236 2980 396 3060 ,pidemuq
419 3000 503 3063 quae
525 2978 611 3057 hunc
631 2978 753 3045 fontem
776 2980 1037 3064 graecumfuisse
1049 2995 1105 3048 aut
1123 3003 1278 3067 graccum

135 3091 273 3175 aliquem
295 3094 440 3154 autorem
469 3092 613 3155 secutum
636 3088 883 3155 esse’indicant.
927 3088 1070 3154 Primum
1103 3091 1188 3156 enim
1211 3092 1276 3158 his·

135 3198 288 3269 toriarurn
310 3216 499 3279 graecarum
513 3194 649 3287 ,videtur
678 3195 819 3277 peritus:
838 3194 960 3276 XXIX,
990 3216 1015 3262 c.
1039 3200 1071 3278 8,
1098 3200 1118 3261 6
1141 3217 1277 3265 666666·

136 3309 269 3385 morat,
293 3301 450 3388 Pyrrhum
480 3308 614 3385 propter
649 3301 825 3385 spoliatum
855 3302 1070 3388 Proserpinae
1102 3303 1274 3373 Locrensis

135 3413 288 3496 templum
307 3410 453 3493 periisse,
476 3408 564 3491 quod
584 3408 618 3472 in
640 3407 927 3475 declamationibus
943 3409 1149 3491 'Graecorum
1174 3413 1276 3479 usita-

136 3526 200 3587 tum
235 3522 323 3599 erat,
357 3515 444 3601 quod
464 3514 586 3597 XXIX,
617 3516 669 3596 18,
694 3517 779 3579 2-6
802 3517 970 3600 repetitur.
1015 3516 1140 3584 Deinde
1160 3518 1275 3603 XXIX,

141 3632 187 3712 18,
212 3631 250 3707 16
273 3625 307 3691 ff.
329 3646 383 3692 res
405 3623 579 3690 nonnullae
608 3642 630 3687 a
650 3622 864 3691 Locrensibus
897 3625 1040 3693 inbelle
1063 3648 1134 3693 cum
1158 3626 1271 3695 Croto·

137 3737 228 3802 niatis
258 3739 371 3818 gestae
399 3739 432 3798 et
460 3729 650 3798 miraculum
685 3732 849 3816 quoddam
880 3732 1078 3816 afferuntur,
1107 3755 1191 3819 quae
1214 3736 1275 3803 nisi

139 3867 176 3913 ex
201 3862 320 3928 graeco
348 3840 438 3907 16616
467 3840 501 3906 16
535 3841 662 3908 Livium
695 3842 882 3924 pervenisse
914 3860 978 3908 non
1000 3842 1145 3926 putanda
1169 3851 1273 3911 erunt.

139 3952 255 4019 Deinde
278 3949 394 4030 XXIX,
418 3953 449 4030 9,
473 3952 492 4012 6
516 3949 624 4034 Scipio
647 3949 767 4014 dicitur
787 3949 1273 4031 „bexere“aMe‘ssanaLocros

139 4061 284 4143 advectus
307 4078 396 4139 esse,
419 4077 649 4144 quam·vooem
670 4077 817 4141 graecam
841 4056 966 4123 Livium
988 4058 1022 4123 in
1044 4058 1203 4125 16616666
1225 4061 1273 4125 in·

139 4169 256 4236 venisse
278 4172 375 4251 puto;
399 4165 496 4232 etiam
519 4183 580 4230 vox
602 4165 768 4231 thensauri
790 4166 918 4251 saepius
933 4166 1074 4249 repetita
1094 4165 1218 4249 XXIX,
1242 4172 1273 4249 8,

138 4408 141 4415 ’
201 4406 248 4473 32)
268 4401 460 4483 Lachmannue
472 4419 581 4471 666666
599 4406 762 4469 conseruata
779 4403 852 4458 libro
870 4401 969 4465 XXIX,
985 4419 1007 4457 o.
1026 4404 1044 4457 6
1062 4402 1145 4457 alium
1169 4401 1274 4459 fontem

141 4499 265 4568 Incipere,
283 4515 347 4552 nam
365 4496 402 4561 11,
419 4497 455 4549 50
472 4495 537 4551 inde
553 4494 671 4552 maxima
689 4495 833 4565 Polybium
851 4494 976 4565 usurpari
993 4496 1072 4554 dixit.

970 4596 988 4656 3
