3184 5325
695 265 734 326 15

135 433 382 504 ammomum
405 433 447 500 de
470 432 632 519 Scipionis
651 433 793 502 consiliis
825 434 971 520 exposita
994 439 1088 518 sunt,
1113 435 1200 520 apud
1222 437 1288 503 Lis.

136 562 202 608 non
224 541 393 626 suntpqui
410 546 533 623 narrat,
556 540 744 626 Supinum.
762 540 855 608 initio
877 541 965 609 veris·
986 545 1051 609 210
1072 542 1168 610 classi
1191 548 1289 629 atque

136 649 281 719 exercitu
302 648 345 716 ad
367 670 404 716 os
426 648 541 722 Hiberi
562 654 738 716 conuocato
768 648 877 733 ipsum
897 670 971 716 cunr
995 650 1138 735 quinque
1158 649 1289 718 milibus

138 760 300 827 sociorum
322 758 433 828 eodem
457 756 671 839 contendisse,
693 758 804 842 ibique
825 758 868 825 ad
886 763 1011 824 veteres
1028 758 1147 825 milites
1170 759 1290 826 oratio

138 883 213 930 nem
235 862 401 930 habuisse*
441 861 531 938 Haec
548 864 656 930 omnia
678 861 766 948 apud
781 860 950 947 Polybium
972 883 1037 929 nou
1050 862 1210 947 leguntur,
1232 883 1288 928 nc·

137 992 203 1057 que
224 977 336 1044 tamen
361 969 493 1036 aLivio
525 969 602 1037 ficta
634 990 705 1037 esse
734 974 889 1055 possunt,
931 990 1006 1040 cum
1050 971 1289 1040 accuratissime

137 1079 270 1162 indicet,
292 1079 454 1164 quomodo
476 1097 688 1164 unaquaeqne
703 1095 759 1145 res
781 1081 877 1164 gesta
897 1079 950 1146 sit.
994 1077 1083 1155 Quae
1105 1095 1179 1146 uero
1201 1079 1288 1163 apud

137 1185 206 1254 Lis.
229 1207 257 1254 c.
283 1190 413 1251 41-44
436 1191 604 1270 sequntur,
627 1206 700 1251 cum
721 1185 755 1252 in
777 1185 907 1269 optimis
930 1183 1094 1254 codicibus
1115 1183 1232 1268 desim,
1255 1184 1289 1254 in

139 1293 329 1378 posterioris
352 1293 470 1359 aetatis
493 1293 721 1377 manuscriptis
749 1291 791 1359 ab
814 1291 947 1362 bomine
965 1292 1105 1388 quodam
1127 1291 1223 1361 docto
1247 1290 1290 1357 ad

137 1401 286 1472 lacunam
310 1400 501 1486 explendam
525 1401 675 1470 sidentur
695 1399 810 1472 addita
818 1399 871 1488 ¹³).

205 1508 300 1588 Quod
320 1529 434 1575 revers
455 1509 504 1575 ita
526 1529 562 1575 se
583 1507 712 1591 babere,
732 1512 801 1595 jam
815 1505 891 1575 inde
902 1506 1049 1574 concludi
1059 1512 1178 1593 potest,
1202 1508 1288 1592 quod

138 1617 300 1703 usquead
318 1617 402 1684 bano
418 1617 567 1690 lacunam
577 1617 687 1686 lirim
705 1617 872 1704 aPolybio
886 1633 1118 1702 nonnunquam
1139 1617 1288 1686 diuersus

139 1732 204 1805 est3
224 1726 258 1791 in
281 1727 342 1791 hac
352 1725 426 1808 ipsa
437 1730 546 1816 autem
557 1724 675 1791 lacuna
686 1723 863 1792 deteriores
876 1725 1001 1792 codices
1013 1725 1053 1791 ad
1067 1724 1202 1822 uerbum
1213 1745 1286 1792 com

139 1853 179 1901 eo
201 1833 415 1902 consentiunt.
460 1832 551 1912 Quae
571 1831 711 1898 imitatio
739 1837 835 1922 tanta
856 1836 924 1913 est,
953 1837 991 1899 ut
1020 1838 1186 1904 corrector
1206 1832 1288 1900 Liuii

139 1941 220 2008 haec
243 1942 350 2008 ononis
372 1939 540 2026 Polybium
563 1946 710 2023 secutus,
732 1938 897 2008 addidisse
909 1939 1042 2021 debeat,
1065 1961 1168 2024 neque
1190 1937 1287 2016 intel·

138 2049 274 2130 lexisse,
305 2072 340 2116 se
363 2056 421 2118 aut
442 2071 515 2116 conr
535 2049 638 2134 ipsius
659 2049 742 2116 Livii
763 2047 870 2116 verbis
893 2048 1108 2134 repugnantia
1135 2047 1287 2130 scribere,

140 2164 199 2226 aut
219 2158 360 2242 ineptas
387 2156 466 2224 Tres
489 2158 574 2238 enim
596 2157 694 2224 duces
718 2137 1031 2241 Carthaginiensium
1051 2158 1138 2226 inter
1160 2178 1196 2224 se
1218 2177 1289 2232 essa

140 2266 313 2349 discordes,
336 2266 424 2351 quod
437 2266 570 2346 Livium
592 2285 751 2349 nusquam
782 2284 1048 2334 commemorasse
1080 2285 1183 2350 supra
1208 2263 1289 2342 sidi-

15 2428 16 2433 1
140 2396 229 2457 mus,
252 2374 488 2459 praetereundo
510 2379 637 2440 tantum
659 2373 693 2444 in
715 2372 875 2457 Scipionis
898 2372 1168 2455 oratioueXXllI,
1182 2376 1233 2453 41,
1247 2377 1289 2437 20

141 2481 246 2563 affert,
270 2502 375 2568 neqpe
396 2481 561 2567 intelligit,
582 2503 651 2550 rom
672 2481 897 2566 gravissimam
909 2481 958 2550 sic
973 2481 1086 2560 confici
1108 2501 1289 2565 nonposse.

140 2591 268 2658 Deinde
291 2611 362 2656 cum
385 2590 472 2677 apud
497 2590 608 2677 Polyb.
631 2589 672 2674 X,
700 2594 750 2673 ll,
777 2593 815 2655 11
840 2588 1023 2673 Scipionem
1035 2589 1217 2671 aestimem
1229 2589 1288 2656 ba·

139 2700 251 2767 baisse
272 2700 413 2782 uideret,
435 2701 507 2784 ipse
525 2720 658 2784 qnoque
680 2719 708 2765 c.
732 2703 775 2763 43
797 2698 979 2769 orationem
999 2698 1127 2780 inserit,
1148 2719 1215 2765 non
1233 2718 1287 2765 re·

142 2809 292 2894 spiciens,
315 2808 578 2883 secildemum
601 2807 745 2894 ejusdem
761 2806 822 2874 viri
837 2806 1018 2885 orationem
1040 2806 1219 2890 scriptitem
1241 2807 1289 2873 ita

140 2920 177 2982 nt
200 2914 308 3001 Scipio
329 2915 479 2982 videatur
501 2915 627 2991 dicendi
648 2934 815 3000 nunquam
843 2913 940 2981 finem
966 2913 1090 2983 iecisse.
1143 2913 1286 2995 Accedit,

139 3023 227 3110 qnod
248 3024 402 3093 nonnulla
424 3025 458 3091 in
478 3024 650 3091 uerborum
672 3024 818 3090 ordinem
845 3024 984 3107 recepit,
1013 3042 1099 3106 quae
1120 3021 1230 3089 Liuius
1251 3021 1287 3087 in

139 3132 274 3219 Polybio
295 3133 451 3201 vomendo
471 3135 661 3219 saepissime
679 3134 832 3203 omittere
848 3131 990 3215 solebat3
1013 3130 1146 3198 consilia
1161 3128 1282 3214 Scipio·

139 3242 204 3324 nis,
226 3241 323 3311 situm
336 3240 552 3327 Carthaginis.
594 3240 688 3308 Hanc
708 3242 815 3325 ipsam
835 3260 912 3313 uero
934 3241 1015 3307 situs
1036 3239 1284 3325 descriptionem

140 3351 269 3419 brevius
291 3350 420 3435 quidem
443 3350 623 3432 contraxit,
646 3349 703 3416 sed
726 3371 803 3419 cnm,
821 3348 909 3434 apud
928 3347 1040 3434 Polyb.
1061 3347 1104 3430 X,
1127 3351 1189 3430 9‚8
1212 3367 1285 3417 eam

139 3461 175 3533 in
196 3458 301 3527 iorma
323 3459 534 3544 digressusa
554 3459 721 3543 proposito
751 3459 909 3535 insertam
937 3456 1077 3538 videret,
1105 3456 1177 3541 ipse
1205 3477 1284 3542 qno·

141 3589 205 3654 que
225 3588 285 3652 per
307 3568 487 3652 digressum
508 3567 627 3634 oritura
658 3565 829 3649 „Ceterum
859 3568 923 3634 sita
945 3564 1108 3651 Carthago
1128 3566 1177 3635 sic
1199 3570 1286 3647 est“;

141 3699 236 3763 quam
259 3677 437 3755 rationem,
459 3677 493 3743 iu
515 3676 651 3745 historia
673 3676 906 3749 conscribenda
919 3674 1056 3743 docendi
1078 3673 1202 3741 aLiuio
1215 3693 1287 3743 esse

20 3806 21 3809 ’
140 3786 388 3866 alienissimam,
416 3785 490 3870 quis
512 3791 581 3867 est,
603 3786 658 3870 qni
680 3786 830 3871 ignoret?
852 3823 895 3835 —
927 3783 978 3853 nd
999 3789 1188 3853 extremum
1215 3803 1288 3855 cor·¹

15 3911 16 3964 1
92 3989 96 3996 .
140 3901 263 3977 rector,
285 3899 323 3961 ut
345 3893 385 3960 de
409 3892 482 3960 aliis
503 3894 767 3976 sebastaeam,
801 3893 862 3963 snb
884 3892 1030 3963 fiuemc.
1054 3896 1097 3961 43
1118 3892 1288 3974 rationem,

98 4155 100 4159 ,
214 4096 259 4160 18)
279 4091 379 4149 Omnes
398 4092 507 4149 codices
519 4093 611 4181 paullo
623 4070 791 4185 antiquiores
809 4093 1017 4151 banolaouuam
1030 4111 1085 4147 non
1104 4090 1292 4163 expleverunt.

138 4187 289 4242 Puteanaus
307 4187 380 4241 enim
405 4182 549 4245 babetm
537 4185 610 4239 sine
634 4204 697 4241 meo
723 4189 800 4243 luctu
823 4203 905 4257 quem
906 4184 1093 4248 Qarmaverat
1111 4199 1194 4252 quum
1213 4185 1288 4236 terra

139 4282 262 4350 marique
279 4279 377 4335 instrui
395 4280 482 4337 etet:
500 4276 573 4334 unda
585 4286 709 4350 apparet,
726 4281 851 4337 lacunam
870 4292 929 4335 esse
940 4276 1167 4347 antiquissimam,
1183 4278 1214 4330 at
1230 4275 1287 4381 jam

139 4376 168 4428 in
186 4390 219 4428 eo
238 4362 388 4443 'simplam
404 4372 487 4427 tuisse
493 4373 593 4444 ,quod
611 4368 672 4428 Put.
691 4374 821 4443 seqnitur
1052 4382 1054 4395 ¹

211 4467 261 4523 alr.
280 4467 400 4538 Madvig,
418 4465 623 4521 emendationes
641 4467 779 4523 Livianae.
798 4487 825 4538 p
845 4473 934 4524 208.
930 4463 1148 4522 Drakenborch.
1166 4456 1214 4519 ad.
1228 4402 1255 4518 b
1273 4462 1291 4518 l.
