3184 5325
835 251 874 312 18

285 440 342 485 nes
364 420 557 503 scriptores,
579 421 634 504 qui
657 419 792 487 easdem
814 441 866 487 res
887 425 1040 501 namant,
1063 418 1217 487 nonnulla
1240 439 1450 505 congruere3

287 526 344 593 sed
378 527 441 596 hcc
473 528 535 594 nisi
565 527 726 595 nonnullis
747 528 972 595 occasionibus
994 547 1074 592 casu
1096 526 1235 612 quodam
1259 531 1322 592 non
1344 528 1449 592 inve·

285 635 412 716 nietur;
433 635 483 702 sin
506 641 613 701 autem
636 657 694 720 per
715 636 844 721 longam
867 636 1009 719 capitum
1031 638 1147 701 seriem
1169 634 1304 700 eandem
1321 633 1447 700 simili·

284 742 450 824 tudinem,
473 747 677 829 conjunctam
699 765 772 809 cum
794 743 956 809 nonnullis
982 743 1208 827 discrepantiis
1242 744 1445 822 invenimus,

284 871 349 916 non
375 850 605 931 dubitabimus,
629 871 828 919 communem
851 850 975 919 fontem
996 852 1066 919 onis
1088 852 1138 917 rei
1160 869 1290 916 causam
1313 850 1444 930 dicere,

283 979 348 1042 quo
370 965 504 1042 uterque
526 980 584 1026 suo
605 959 702 1026 modo
724 981 802 1026 usus
824 965 882 1026 est.

372 1064 436 1134 Res
459 1086 545 1132 anno
569 1070 632 1130 208
642 1103 644 1108 ,
653 1067 688 1132 in
702 1065 864 1150 Hispania
879 1073 985 1151 gestas
997 1064 1148 1151 Polybius
1157 1066 1191 1131 in
1206 1065 1291 1130 libro
1311 1064 1342 1129 X
1355 1083 1445 1130 nar·

283 1172 491 1257 raritcujus
514 1173 709 1239 narrationis
725 1174 852 1258 integra
873 1178 1003 1239 exstant
1026 1173 1135 1255 capita
1159 1175 1299 1258 30—403
1321 1170 1442 1237 Livius

283 1278 396 1346 eadem
407 1279 441 1344 in
452 1279 536 1346 libro
550 1278 681 1361 XXVII,
699 1284 836 1345 17-20.
881 1278 970 1366 Quae
992 1278 1081 1363 apud
1102 1278 1270 1364 Polybium
1290 1277 1440 1362 largius,

284 1386 372 1472 apud
392 1387 518 1453 Livium
538 1386 667 1454 breuius
695 1389 843 1471 exposita
863 1394 939 1456 sunt
948 1387 1007 1474 16),
1027 1408 1071 1454 aa
1095 1408 1160 1453 nun
1182 1386 1333 1467 afferam,
1355 1384 1442 1468 quia

283 1495 386 1564 facila
422 1494 541 1578 aliquis
571 1496 678 1564 dicero
709 1497 823 1578 possit,
847 1495 978 1562 aLivio
1001 1515 1072 1561 esso
1095 1495 1236 1580 omisa,
1267 1513 1372 1577 nequa
1398 1492 1439 1557 id

283 1623 444 1688 moneam,
466 1602 593 1668 Livium
604 1603 734 1686 XXVII,
758 1608 808 1685 17,
830 1609 849 1669 7
872 1625 937 1671 nun
966 1624 1116 1684 narrare,
1142 1602 1231 1687 quod
1262 1600 1439 1687 Polybium

283 1711 326 1792 X,
337 1714 393 1792 38,
418 1715 454 1791 33
488 1709 670 1793 Scipionem
693 1710 735 1778 ab
757 1711 914 1794 Hispanis
937 1731 1008 1777 esse
1036 1731 1144 1795 regem
1166 1707 1438 1794 appellatum¹⁷);

283 1818 341 1886 sed
363 1838 504 1902 pugnam
532 1817 620 1901 apud
653 1816 827 1884 Baeculam
842 1816 970 1883 ⁴factam
993 1816 1133 1883 breuiter
1153 1817 1356 1900 comparabo.

373 1944 497 2011 Narrat
529 1946 630 2030 igitur
658 1944 829 2030 Polybius,
852 1945 949 2011 duces
972 1944 1287 2030 Carthaginiensium
1319 1944 1436 2010 etiam·

284 2060 353 2122 tum
385 2052 552 2119 discordes
583 2052 693 2119 fuisse.
736 2053 777 2135 X,
803 2058 853 2138 37,
878 2058 909 2118 2.
954 2052 1063 2131 Quare
1085 2051 1334 2137 Hasdrubalem,
1357 2073 1432 2118 cum

284 2183 344 2247 per
373 2183 409 2228 se
438 2183 504 2227 non
530 2163 611 2228 satis
643 2162 759 2228 virium
791 2162 834 2228 ad
856 2162 1048 2228 vincendum
1077 2161 1234 2244 haberet,
1262 2160 1433 2228 consilium

285 2269 426 2353 cepisse,
456 2289 530 2334 cum
564 2270 706 2334 exercitu
734 2268 768 2334 in
796 2269 926 2335 Italiam
957 2268 1198 2354 proficiscendi,
1233 2274 1331 2353 atque
1356 2267 1431 2334 ideo

287 2376 404 2442 castris
429 2376 633 2443 communitis
644 2374 827 2459 Scipionem
838 2377 1084 2459 exspectavisse.
1127 2375 1168 2459 X,
1188 2378 1239 2457 37,
1262 2382 1292 2442 4.
1316 2373 1432 2442 Castra

287 2483 405 2550 deinde
435 2493 588 2550 accurate
620 2484 861 2550 describuntur:
881 2483 925 2563 X,
960 2488 1021 2567 38,
1058 2488 1151 2550 7-8,
1194 2469 1301 2569 Scipio
1332 2485 1432 2569 igitur

286 2614 359 2659 cum
393 2591 596 2674 advenisset,
627 2612 687 2677 per
720 2592 853 2658 biduum
884 2592 1014 2678 quietus
1047 2592 1149 2674 sedit,
1182 2590 1438 2658 munitissimum

219 2736 225 2746 ·
285 2700 391 2768 locum
417 2720 481 2767 non
503 2700 638 2785 aggredi
659 2720 769 2781 ausus,
792 2699 905 2781 donec,
928 2722 969 2766 ne
992 2700 1035 2766 ab
1056 2699 1129 2765 aliis
1152 2700 1286 2767 ducibus
1308 2699 1430 2766 Poeno·

289 2830 362 2875 rum
385 2809 686 2891 circumveniretur,
707 2808 867 2893 proelium
890 2808 1058 2874 commisit.
1087 2807 1134 2890 X,
1152 2810 1211 2890 aa:
1228 2812 1346 2873 9-10.
1368 2806 1430 2874 Le-

292 2914 444 3000 gionibus
466 2915 565 3000 igitur
586 2916 673 2981 intra
694 2922 901 2982 monumenta
923 2916 1075 2990 retentis,
1108 2934 1235 2982 omnam
1256 2915 1358 2982 levem
1379 2935 1430 2982 ar·

288 3029 451 3089 maturam
474 3023 593 3105 emisit,
614 3043 698 3108 quae
719 3022 859 3090 frontem
882 3032 1072 3104 castrorum,
1094 3023 1430 3110 quaeinexpugnabi·

288 3133 328 3197 lis
348 3131 529 3211 ridebatur,
553 3130 793 3215 aggrederetur.
837 3131 877 3213 X,
902 3134 953 3213 39,
978 3134 1073 3199 1-3.
1117 3132 1155 3196 In
1177 3150 1275 3216 quam
1290 3150 1429 3217 pugnam

287 3238 407 3305 intenti
428 3258 501 3304 cum
523 3238 636 3304 hostes
663 3239 792 3322 segnius
813 3239 924 3321 copias
957 3244 1074 3304 castris
1105 3239 1296 3318 educerent,
1322 3238 1428 3322 Scipio

288 3346 331 3412 ad
352 3346 488 3427 laevam,
511 3345 640 3412 laelius
663 3347 705 3412 ad
728 3347 878 3413 dextram
899 3347 1079 3431 legionibus
1102 3348 1327 3414 circumductis
1356 3368 1427 3413 neo·

290 3455 481 3540 opinantes,
504 3455 559 3538 qni
582 3456 684 3523 aciem
706 3456 849 3521 nondum
871 3455 1078 3536 direxerant,
1101 3476 1122 3520 a
1143 3455 1298 3522 lateribus
1320 3475 1428 3542 aggra-

290 3563 434 3631 diuntur.
478 3561 518 3644 X,
542 3564 595 3645 39,
620 3566 716 3628 3-6.
760 3562 812 3628 Illi
831 3569 940 3629 autem
962 3563 1122 3646 extemplo
1136 3584 1209 3633 cum
1227 3563 1427 3631 Hasdrubale

288 3674 322 3739 in
349 3670 459 3756 lugam
478 3670 703 3753 sedederunt,
726 3677 825 3755 atque
854 3693 926 3737 cum
948 3692 1007 3756 per
1029 3671 1197 3739 obstantes
1223 3672 1335 3739 velites
1366 3693 1426 3741 uon

291 3797 410 3863 magno
439 3778 635 3844 detrimento
665 3780 859 3861 evasissent,
881 3778 1060 3864 Pyrenaeos
1090 3779 1261 3863 petierunt.
1316 3779 1427 3864 ltaque

289 3907 375 3970 quae
396 3884 582 3952 Hasdrubal
604 3886 666 3953 sibi
687 3892 912 3972 proposuerat,
934 3886 1002 3952 fere
1024 3891 1117 3952 erant
1139 3885 1236 3953 facta.
1261 3923 1301 3935 -

362 4144 409 4213 16)
425 4144 521 4202 liuius
538 4145 652 4216 XXVII,
672 4149 704 4202 17
723 4147 809 4204 habet
826 4147 940 4219 largius,
956 4164 1038 4218 quam
1047 4147 1109 4203 Pol.
1118 4146 1153 4211 X,
1165 4148 1216 4216 843
1234 4144 1308 4202 idam
1318 4145 1426 4215 xxvli,

294 4239 327 4292 18
345 4236 459 4308 largius,
476 4255 559 4307 quam
576 4239 608 4294 P.
625 4240 660 4308 X,
677 4243 723 4296 39.

286 4324 560 4473 mgllgolgbiua
587 4329 707 4385 similem
729 4346 788 4386 rem
817 4329 859 4386 bis
876 4329 971 4397 tradit,
999 4330 1033 4400 X,
1052 4331 1088 4384 38
1105 4333 1134 4385 at
1156 4332 1209 4400 403
1227 4328 1320 4386 Liuius
1337 4327 1425 4384 umal.

392 4452 399 4482 1
456 4456 462 4480 9
500 4457 507 4471 ⁹
