3184 5325
757 328 807 402 67,

288 498 429 569 Maxime
451 520 544 581 uero,
568 519 650 584 quae
673 498 709 564 L.
719 499 828 583 XXX,
856 502 981 568 12-15
1003 500 1047 568 de
1070 521 1180 572 amore
1203 505 1355 580 etmorto

198 609 408 693 Sophonibae
431 614 653 694 exponuntur,
677 608 740 675 huc
760 611 941 694 pertinent3
964 631 1047 696 quae
1070 633 1133 680 non
1163 613 1197 680 in
1220 612 1353 696 publico

198 724 278 786 acta
301 741 390 801 esse,
413 718 470 785 scd
494 717 626 786 arbitris
649 720 802 802 remotis,
825 742 897 787 cum
919 743 978 806 per
1000 743 1036 787 se
1059 722 1261 807 intelligitur,
1283 728 1354 790 tum

199 850 230 895 o.
257 831 307 894 14.
331 828 503 895 indicatur.
549 829 664 915 Itaque
687 850 758 894 cum
789 850 841 894 res
864 851 924 913 per
953 850 987 896 se
1016 830 1216 915 postularet,
1246 836 1283 896 ut
1312 832 1354 896 si·

197 937 303 1004 lentio
332 937 581 1021 praeteritctur,
615 937 643 1003 is
677 937 746 1002 sine
769 937 878 1019 dubio,
912 938 969 1022 qui
1003 960 1073 1006 eam
1105 943 1173 1004 tam
1203 945 1354 1005 accurate

199 1066 361 1131 exponere
383 1046 501 1132 potuit,
524 1046 559 1112 in
581 1045 696 1112 castris
720 1045 877 1131 Scipionis
901 1054 958 1113 aut
980 1048 1050 1133 ipse
1072 1047 1143 1129 fuit,
1166 1056 1224 1116 aut
1243 1071 1355 1120 corum

199 1157 415 1240 testimoniis,
447 1157 503 1242 qui
536 1157 684 1223 omnibus
712 1156 762 1223 his
795 1157 894 1224 rebus
922 1158 1156 1243 interfuerunt,
1185 1183 1262 1229 usus
1294 1170 1355 1230 est.

200 1266 261 1333 cfr.
285 1267 402 1349 XXIX,
427 1289 454 1333 c.
478 1272 531 1349 29,
556 1272 647 1335 b—c.
672 1271 724 1334 33.
768 1266 880 1353 Polyb.
903 1267 960 1350 IX,
985 1273 1036 1334 25.

290 1376 444 1464 Polybius
468 1382 583 1445 contra
605 1378 734 1461 saepius
757 1377 798 1442 de
822 1378 1008 1444 curatione
1030 1379 1194 1464 loquitur,
1219 1401 1283 1465 qua
1306 1380 1353 1445 hi-

202 1486 337 1553 storiam
361 1486 521 1553 conscribi
544 1491 703 1574 oporteat.
749 1487 839 1554 Dicit
861 1487 961 1571 igitur
989 1487 1068 1569 XII,
1106 1493 1148 1553 27
1184 1490 1248 1555 tria
1271 1510 1355 1573 opus

201 1616 290 1663 esser
312 1597 471 1664 rationem
494 1595 551 1661 διά
573 1602 626 1684 τῆς
647 1596 791 1683 ὁράσεως
802 1619 854 1664 res
871 1597 1097 1682 cognoscendi,
1121 1597 1228 1680 idest,
1247 1599 1357 1684 ipsum

202 1702 244 1768 iis
276 1700 481 1785 interfuiss03
516 1701 668 1769 alteram:
709 1701 751 1790 δι’
782 1702 983 1786 ἀνακρίσεως
1011 1702 1179 1770 historiam
1213 1706 1350 1771 conscri-

201 1810 311 1894 bendi,
333 1811 368 1878 id
391 1817 455 1879 est:
477 1818 761 1897 percunctantem;
787 1813 919 1879 tertiam
943 1813 1074 1877 ὑιάαοῖν
1099 1812 1349 1901 ὑπομνημάτων,

203 1919 340 1986 aliorum
370 1921 618 1992 commentarios
642 1926 852 2008 sequentem3
883 1926 982 2006 atque
1005 1922 1145 2006 optimus
1174 1922 1304 2008 quidem
1324 1925 1356 2006 is

204 2027 277 2110 erit,
302 2030 358 2115 qui
380 2027 462 2113 ipsis
483 2027 581 2095 rebus
604 2028 762 2097 interluit.
808 2028 909 2107 Quod.
923 2050 996 2096 cum
1025 2052 1090 2097 non
1123 2051 1251 2115 semper
1284 2031 1355 2100 fieri

201 2136 315 2231 possit,
337 2140 455 2208 rationi
478 2140 534 2206 dod
550 2144 604 2226 σῆς
626 2137 768 2225 ὁράσεως
798 2140 881 2212 alias
915 2139 988 2225 illas
1023 2136 1066 2204 δι’
1097 2137 1293 2225 ἀνακρίσεως
1322 2147 1357 2208 et

202 2250 258 2316 διά
289 2252 354 2313 σάν
382 2249 624 2337 ὑπομνημάτων
660 2270 731 2316 esse
764 2247 996 2335 adjungendas.
1059 2247 1153 2329 Quod
1186 2248 1355 2335 Polybium

202 2380 300 2446 quam
322 2357 459 2428 maximo
481 2359 589 2426 facere
612 2359 787 2439 studuisse,
812 2379 852 2424 ex
873 2357 984 2424 multis
1007 2356 1085 2424 locis
1100 2361 1202 2441 patet.
1247 2356 1352 2443 Saepe

203 2471 288 2539 enim
308 2469 379 2555 ipse
401 2468 499 2535 rebus
521 2468 669 2553 gerendis
683 2467 846 2550 interfuit,
872 2466 909 2538 P.
918 2466 997 2549 ΧΠ,
1023 2471 1053 2548 5,
1080 2470 1174 2532 1-»3.
1197 2466 1351 2548 ΧΙ,10--

205 2580 254 2646 18,
277 2582 357 2660 etc.;
379 2596 478 2662 saepe
498 2575 597 2658 locos,
621 2575 803 2661 dequibus
825 2576 986 2660 agendum
1010 2579 1092 2657 erat,
1107 2575 1177 2662 ipse
1197 2575 1356 2660 visitarity

204 2686 291 2772 quod
316 2707 389 2763 cum
409 2687 445 2752 in
466 2685 615 2755 omnibus
637 2685 736 2752 rebus
759 2691 809 2753 est
832 2690 955 2765 notum,
988 2689 1059 2751 tum
1080 2684 1120 2751 de
1142 2683 1300 2769 Hispania
1321 2691 1355 2753 et

203 2795 316 2873 Africa
337 2801 485 2882 apparet
510 2795 569 2861 cfr.
591 2796 629 2860 P.
639 2794 680 2877 X,
696 2797 779 2876 11,4
802 2794 843 2861 de
855 2795 921 2861 situ
936 2791 1142 2879 Carthaginis
1159 2814 1286 2862 novae:
1313 2792 1355 2858 αὑ

201 2906 262 2993 γάρ
284 2905 444 2993 ἕξάκοῆς,
458 2903 531 2973 ἀλλ’
553 2904 707 2972 αὐτόπται
730 2903 892 2987 γεγονότες
915 2908 976 2970 etc.
998 2905 1095 2973 etiam
1108 2884 1248 2971 Plinium
1267 2902 1355 2986 VIII,

206 3019 254 3097 16,
281 3014 388 3081 18ubi
400 3014 553 3101 Polybius
575 3013 746 3081 Aemiliani
769 3035 878 3081 comes
891 3014 925 3081 in
939 3012 1080 3081 Africam
1092 3012 1192 3081 luisse
1202 3013 1356 3085 traditur.

205 3124 415 3210 Haccigitur
437 3124 493 3189 ded
516 3127 570 3211 σῆς
591 3122 734 3210 ὁράσεως
756 3123 924 3207 comperit,
946 3123 1114 3191 sedetiam
1129 3122 1173 3186 δι’
1190 3123 1354 3203 ἀκούσειας

205 3254 277 3300 eum
297 3234 400 3301 multa
420 3234 584 3319 accepisse
606 3238 747 3307 constat:
769 3231 855 3314 P.X,
880 3235 912 3313 3,
934 3235 953 3301 2
977 3236 1053 3299 ante
1076 3251 1186 3301 omues
1208 3230 1356 3299 Laelium

203 3343 358 3426 nominat,
381 3342 437 3408 διὰ
459 3344 494 3407 τὸ
518 3341 627 3409 δοκεῖν
647 3341 762 3407 aluo'cc
785 3340 889 3422 λέγειν
917 3346 951 3407 et
980 3340 1047 3422 IX,
1075 3344 1137 3422 25,
1169 3343 1187 3404 3
1210 3344 1356 3405 Macca-

203 3451 323 3519 νάσσοο
350 3450 577 3539 ἀκριβέστερον
608 3450 781 3537 deducam
811 3450 899 3537 quod
928 3450 1014 3535 apud
1046 3450 1256 3535 scriptorem,
1281 3472 1354 3519 cum

203 3562 333 3629 summis
355 3561 432 3629 viris
456 3564 666 3646 conjunctum
689 3581 749 3644 per
770 3580 805 3626 se
827 3558 1029 3644 intelligitur.

290 3666 352 3734 Sed
376 3668 476 3734 etiam
499 3665 555 3730 διά
576 3670 641 3731 σάν
662 3664 904 3751 ὑπομνημάτων
927 3664 1075 3749 scripsit,
1098 3663 1131 3730 id
1161 3662 1248 3748 quod
1282 3684 1354 3729 cum

206 3798 243 3842 ex
264 3775 375 3841 multis
402 3776 474 3842 aliis
496 3776 586 3854 locis,
611 3779 680 3841 tum
704 3762 843 3857 exPLx,
858 3777 920 3855 9‚3
943 3779 1088 3858 apparet,
1101 3772 1158 3839 ubi
1172 3771 1356 3858 aequalium

206 3885 400 3966 testimonia,
425 3884 493 3950 sine
516 3883 614 3951 dubio
638 3884 770 3969 scripta,
794 3888 828 3948 et
857 3881 1028 3966 epistolam
1059 3880 1215 3965 Scipionis
1239 3880 1282 3945 ad
1302 3901 1355 3947 rc·

206 4016 276 4079 gom
298 3993 483 4079 Philippum
507 3998 748 4073 commemorat,
771 3991 804 4057 in
835 4013 898 4076 quo
927 3991 1035 4077 Scipio
1067 3996 1275 4076 exposuerat:
1305 3987 1353 4055 ὑπ

203 4102 317 4180 τούτοις
337 4113 402 4179 τοῖς
423 4101 623 4186 ἕκλογισμοῖς
638 4101 804 4188 ἐχρήσατο,
829 4098 874 4175 οἷς
896 4098 988 4185 ἡμεῖς
1020 4096 1182 4182 α’νσάσερον
1211 4098 1353 4185 ἕξολογοῇ

204 4215 345 4297 σάμεθα.
391 4212 482 4278 Haec
503 4212 614 4296 igitur,
638 4232 722 4296 quac
743 4211 897 4296 Polybius
919 4211 988 4295 ipse
1011 4209 1181 4290 audiend0,
1205 4208 1355 4303 ridendo,

203 4322 333 4410 legendo
373 4321 622 4407 conquisiverat,
661 4321 749 4405 apud
780 4320 908 4386 Livium
940 4319 1083 4401 desunt;
1118 4323 1225 4383 cetera
1266 4318 1353 4401 apud

203 4437 372 4517 utrumque
393 4428 462 4496 fere
485 4427 704 4510 consentiunt,
727 4428 824 4507 unde,
849 4427 878 4493 si
901 4424 981 4493 nulli
1006 4424 1062 4492 alii
1085 4425 1132 4491 rei
1156 4424 1271 4507 credis,
1284 4446 1352 4490 cer·

205 4541 325 4609 tissime
347 4545 495 4627 apparet,
517 4539 558 4606 iis
579 4559 778 4607 communem
795 4537 892 4605 fuisse
909 4537 1040 4607 fontem.
1084 4534 1237 4622 Polybius
1260 4535 1345 4603 enim

979 4648 1067 4742 ,μ
