3184 5325
742 372 784 460 u

181 542 434 632 sium‚Scipioni
456 541 564 628 aliquo
587 543 689 634 modos
705 543 831 614 crimini
853 543 1002 614 dabatur.
1034 542 1090 610 cir.
1121 542 1190 638 le.
1213 542 1331 626 XXIX,

185 656 237 734 le,
261 655 292 724 ,4.
335 651 453 734 XXIX,
477 654 537 735 19,
571 655 619 718 ll.
644 658 778 736 „natum
802 652 939 718 eumad
962 651 1229 736 corrumpendam
1262 651 1333 717 dis·

182 759 337 846 ciplinam
358 760 533 830 militarem
554 765 619 808 ‘—“
644 766 800 843 „externo
823 767 857 827 et
879 761 970 846 regio
990 782 1079 826 more
1102 765 1136 828 et
1164 759 1332 845 indulgere

184 868 335 946 licentiae
357 869 496 938 militurn
519 876 552 936 et
581 870 706 938 saevire
738 872 772 936 in
802 875 890 938 eos.“
914 868 1071 936 —Talia
1099 870 1199 954 igitur
1232 868 1333 934 habet

182 978 275 1062 lons,
309 998 405 1065 quem
436 1002 458 1068 a
489 985 601 1047 nostro
634 979 796 1049 diversum
818 985 851 1046 et
874 976 1016 1063 Scipioni
1047 978 1202 1045 infestum
1233 997 1332 1062 supra

184 1086 344 1170 diximus3
374 1095 473 1154 autor
492 1097 602 1157 antem
624 1090 688 1172 ille,
712 1091 763 1155 cui
784 1089 944 1175 Scipionis
966 1087 1188 1176 expeditiones
1211 1085 1331 1152 deben-

185 1200 251 1279 tur,
274 1197 355 1264 haee
378 1220 441 1264 non
464 1198 559 1265 modo
580 1221 645 1267 non
667 1200 775 1282 habet,
795 1200 851 1266 sed
865 1221 993 1284 sempor
1006 1199 1187 1283 Scipionem
1198 1194 1330 1261 summis

182 1304 336 1390 laudibus
359 1308 469 1391 effert,
492 1330 598 1394 neque
619 1309 667 1375 ita
690 1331 766 1375 raro
788 1310 829 1375 iis
853 1310 887 1374 in
911 1308 1023 1389 rebus,
1046 1327 1130 1394 quae
1153 1307 1183 1372 ei
1206 1305 1247 1372 ab
1270 1306 1329 1371 ini·

183 1416 274 1482 micis
307 1419 448 1484 maxime
479 1419 605 1484 crimini
638 1419 888 1500 tribuebantur3
921 1419 1006 1484 sicut
1037 1417 1076 1483 de
1109 1412 1329 1483 ¹audacissima

181 1525 240 1592 illa
261 1527 296 1591 in
318 1526 462 1598 Africam
486 1528 705 1612 expeditione:
729 1529 795 1596 Liv.
818 1527 967 1609 XXVIII,
994 1532 1044 1608 17,
1070 1531 1163 1591 1-3.
1179 1524 1328 1607 XXVIII,

185 1636 382 1720 ise-10,
423 1636 480 1701 cfr.
502 1637 617 1717 xxvi,
643 1639 695 1718 rs,
721 1641 750 1701 3.
794 1636 933 1717 XXVII,
967 1640 1016 1719 io,
1040 1640 1135 1700 c-i.
1180 1632 1328 1715 XXVIII,

181 1747 235 1827 35,
260 1749 290 1809 6.
337 1744 371 1811 Si
392 1745 475 1812 lonti
497 1753 609 1814 nostro
632 1747 747 1829 credis,
771 1748 870 1815 etiam
892 1746 979 1831 quod
994 1745 1101 1829 Scipio
1123 1743 1191 1809 Liv.
1209 1741 1326 1825 XXIX,

182 1854 223 1918 35
246 1851 289 1918 ad
311 1854 345 1919 id
369 1857 593 1938 angustiarum
617 1855 768 1922 redactus
791 1862 850 1938 est,
863 1860 900 1923 ut
914 1856 948 1920 in
960 1854 1181 1940 promontorio
1198 1851 1325 1917 Africae

180 1967 287 2029 castra
317 1970 472 2047 poneret,
501 1965 591 2031 nulla
619 1986 656 2030 re
687 1966 750 2032 nisi
779 1965 864 2032 vallo
898 1972 931 2031 et
958 1963 1093 2031 navibus
1122 1968 1230 2043 tutus,
1263 1981 1327 2026 non

180 2078 318 2155 propter
339 2071 460 2139 bellum
481 2073 652 2140 infeliciter
681 2081 826 2160 gestum,
860 2074 915 2142 sed
942 2075 1042 2160 ipsius
1065 2072 1222 2157 Scipionis
1252 2091 1325 2137 con·

180 2178 252 2266 silio
275 2179 398 2246 factum
419 2181 558 2248 uidetur.
602 2182 719 2264 XXIX,
745 2187 805 2266 35,
832 2187 870 2247 12
894 2182 926 2248 ff.
949 2220 992 2233 -
1014 2182 1124 2248 Etiam
1145 2180 1237 2268 dolus
1258 2178 1324 2259 ille,

178 2288 266 2356 haud
289 2312 366 2359 sane
388 2290 582 2375 laudandus,
605 2314 669 2379 quo
693 2299 809 2376 contra,
830 2291 1007 2379 Syphacem
1029 2287 1321 2384 utitur,bXXX,4,

180 2400 305 2472 crimini
326 2402 556 2470 nondatusest
574 2403 727 2487 Scipioni,
739 2424 935 2489 quamquam
945 2402 1017 2470 fieri
1034 2423 1131 2490 posse
1150 2406 1183 2466 et
1201 2399 1323 2465 factum

177 2502 326 2572 esseLiv.
348 2508 451 2589 XXX,
474 2514 505 2592 4,
531 2514 572 2575 10
594 2510 716 2598 indicat
740 2510 847 2600 „tollit
859 2509 1013 2600 indutias,
1035 2514 1073 2574 ut
1086 2505 1323 2590 liberofidein·

179 2620 273 2700 cepta
295 2625 535 2709 exsequeretur.
560 2623 621 2668 —“
645 2618 737 2711 Quod
758 2640 824 2697 non
846 2618 947 2709 solum
966 2617 1002 2687 in
1023 2616 1124 2699 Livio,
1146 2612 1204 2689 sed
1219 2607 1322 2697 magis

179 2725 277 2815 etiam
297 2728 335 2820 in
350 2714 489 2817 Polybio*
506 2729 676 2817 invonitur.
722 2727 785 2817 Qui
806 2750 878 2794 cum
900 2727 1030 2815 saepius
1051 2730 1226 2806 narrasset,
1238 2721 1321 2788 Has·

177 2832 360 2925 drubalem,
380 2835 451 2907 sibi
464 2836 528 2904 iter
549 2838 585 2919 in
593 2836 722 2925 Italiam
734 2836 982 2920 patefacturum,
1004 2833 1086 2921 (Pol.
1099 2833 1140 2915 X,
1154 2837 1204 2910 37,
1219 2829 1320 2916 1-6)

176 2963 383 3033 pugnamque
405 2945 448 3019 ad
470 2940 646 3013 Baeculam
666 2946 712 3015 sic
724 2946 957 3031 descripsisset,
973 2950 1011 3035 ut
1028 2943 1224 3026 Hasdrubal,
1237 2964 1320 3030 quae

178 3052 241 3135 sibi
261 3060 487 3145 proposuerat,
507 3055 671 3145 videretur
694 3076 774 3147 esset
786 3059 963 3147 assecutus,
987 3054 1064 3141 [Pol.
1085 3054 1126 3137 X,
1151 3058 1201 3147 38,
1220 3056 1250 3118 8.
1267 3057 1319 3138 39,

178 3167 196 3233 l
219 3164 286 3251 sq.)
301 3145 403 3249 (duod
425 3175 598 3253 utrumque
619 3165 728 3253 Livius
750 3187 814 3235 non
837 3164 963 3250 habet)
988 3187 1027 3235 ex
1056 3185 1120 3249 quc
1142 3185 1219 3231 sane
1242 3184 1319 3229 eon-

177 3266 398 3361 cludidebet,
429 3291 506 3355 eum,
525 3269 603 3357 quid
624 3271 658 3336 in
681 3269 840 3355 Scipionis
874 3270 1020 3337 bellandi
1048 3271 1174 3336 ratione
1195 3270 1318 3356 vitupe-

174 3377 312 3445 randum
335 3386 431 3465 esset,
455 3380 537 3463 bene
557 3380 720 3467 cognitum
742 3380 894 3473 habuisse
917 3418 958 3429 -
981 3389 1090 3447 tamen
1118 3379 1159 3449 ob
1183 3379 1242 3445 has
1264 3401 1317 3447 res

175 3485 354 3581 Scipionem
377 3511 443 3555 non
464 3490 644 3575 vituperat,
667 3490 724 3563 sed
747 3512 831 3576 quae
852 3496 927 3575 post
948 3512 1089 3579 pugnam
1120 3490 1315 3573 factasunt,

175 3594 287 3662 eodem
309 3597 405 3689 modo
427 3620 491 3685 quo
512 3598 621 3665 Livius
644 3605 766 3666 narrat.
811 3599 868 3667 cir.
891 3602 932 3667 U.
954 3599 1086 3681 Becker,
1103 3598 1315 3666 Vorarbeiten

173 3725 204 3789 p.
230 3709 301 3772 137.
324 3743 368 3756 —-
390 3707 491 3775 Immo
514 3708 572 3776 ubi
593 3709 701 3777 Livius
724 3709 826 3792 XXX,
850 3714 871 3774 4
893 3711 1037 3779 timuisse
1059 3709 1205 3790 videtur,
1238 3730 1338 3787 num,

173 3815 262 3882 salva
283 3814 348 3881 fide
372 3815 478 3900 Scipio
502 3820 617 3901 egerit,
642 3842 723 3895 eum,
737 3821 868 3886 summis
880 3818 1030 3887 laudibus
1047 3819 1203 3887 cumulat:
1224 3818 1313 3905 Poly.

175 3923 257 4013 XIV,
282 3930 311 4006 5,
331 3929 381 3990 15.
420 3923 472 3990 Ἥ
488 3932 543 3989 καὶ
570 3926 703 3994 πολλῶν
733 3931 788 3992 καὶ
819 3927 929 3993 καλῶν
957 3928 1208 4015 διειργασμένων
1237 3931 1315 3991 Σκι-

172 4035 277 4116 πίωνι,
301 4033 474 4100 κάλλιστον
496 4036 580 4101 εἶναι
600 4060 656 4122 μοι
680 4037 879 4103 consummo
902 4035 1314 4125 τοῦργονκαὶπαραβᾳλώ-

174 4165 265 4208 τατον
287 4147 350 4208 τῶν
379 4144 490 4233 ἐκείνῳ
515 4150 762 4232 πεπραγμένων.
805 4148 919 4233 ltaque
949 4147 1024 4219 hinc
1053 4168 1209 4233 quoque„
1225 4146 1312 4232 quod

171 4253 315 4339 narratio
348 4253 433 4320 Livii
468 4262 501 4322 et
532 4256 660 4342 Polybii
689 4258 831 4342 Scipioni
853 4257 956 4342 favet,
987 4258 1095 4342 opinio
1125 4262 1237 4324 nostra
1257 4256 1311 4322 fir·

172 4367 288 4444 matur,
310 4362 432 4434 fontem
454 4386 563 4434 eorum
586 4364 686 4432 fuisse
706 4366 852 4434 latinum.
877 4405 915 4417 -
1024 4388 1028 4394 ·

255 4471 318 4538 Sed
342 4474 428 4541 idem
451 4476 524 4542 fons
547 4476 702 4542 nonnulla
724 4477 834 4557 affert,
858 4498 942 4563 quae
963 4478 1025 4545 nisi
1047 4479 1103 4563 qui
1124 4477 1194 4564 ipse
1215 4475 1311 4543 rebus

171 4583 316 4666 gerendis
348 4583 494 4652 interluit
520 4591 553 4653 et
584 4588 618 4654 in
650 4590 766 4656 castris
796 4586 954 4672 Scipionis
986 4594 1133 4657 versatus
1157 4592 1224 4671 est,
1258 4588 1311 4655 vix

981 4731 1000 4793 5
