3184 5325
759 410 777 468 7

192 584 296 667 magis
317 580 486 661 miremur,
519 599 591 647 oum
622 582 690 666 jam
712 578 938 645 Lachmannns
960 578 1002 661 ll,
1024 599 1057 662 p.
1074 581 1113 643 32
1137 576 1259 662 largius
1280 597 1338 643 ex·

193 695 364 777 posuerat,
395 689 431 755 in
450 688 512 754 hac
531 688 603 773 ipsa
626 708 735 773 pugna
761 686 923 753 Cannensi
945 686 1158 753 describenda
1170 671 1295 751 bivium
1318 708 1339 751 a

192 797 327 884 Polybio
348 796 444 881 longe
466 795 629 863 diversum
652 816 731 862 esse.

279 904 344 972 Sed
366 905 423 989 qui
443 903 584 970 Nissenii
606 909 775 970 accuratas
808 904 1015 989 quaestiones
1045 904 1085 968 de
1114 924 1231 988 genere
1261 908 1339 971 sori·

193 1014 299 1081 bondo
321 1014 455 1079 Liviano
477 1013 664 1097 inspexerit,
688 1018 870 1098 cognoscet,
894 1033 1004 1078 omnes
1018 1011 1091 1078 illos
1106 1014 1235 1097 saepius
1247 1014 1340 1097 qnasi

193 1119 310 1188 falsam
330 1120 495 1205 quandam
519 1124 658 1205 speciem
681 1121 799 1187 sectari
821 1140 860 1186 ac
882 1141 991 1186 rernm
1017 1119 1252 1205 verborumque
1280 1119 1340 1187 ial-

194 1230 258 1298 laci
280 1228 489 1298 similitudine
512 1229 665 1313 deceptos
687 1230 774 1296 inter
794 1250 829 1295 se
850 1228 1029 1313 pugnantia
1051 1232 1109 1293 aut
1130 1249 1194 1294 non
1209 1228 1339 1311 vidisse,

195 1344 252 1404 aut
282 1336 370 1403 facili
401 1336 497 1402 modo
521 1335 709 1420 explicanda
730 1336 905 1421 putavisse.
936 1335 991 1421 (H.
1013 1335 1148 1416 Nissen,
1171 1335 1340 1432 Quaestio-
1441 1320 1446 1329 ’

193 1466 252 1512 nes
281 1444 413 1512 criticae
443 1442 483 1509 de
515 1444 658 1510 fontibus
687 1443 821 1511 decadis
848 1444 892 1509 IV
915 1443 1001 1509 etV
1029 1443 1191 1510 Livianae.
1243 1444 1341 1511 Bero-

193 1552 252 1619 uni
276 1550 385 1639 reos).

282 1658 466 1726 censebant
494 1659 595 1741 enim,
633 1660 715 1725 Livii
746 1680 827 1742 opus
857 1681 897 1725 ex
929 1658 1037 1724 tribus
1068 1661 1161 1744 quasi
1192 1660 1341 1744 partibus

195 1768 409 1851 compositum
431 1787 516 1848 esse3
539 1789 579 1833 ex
601 1788 675 1848 nna,
699 1771 749 1848 (ut
770 1766 986 1832 recentiorum
1010 1767 1117 1833 verbis
1138 1749 1227 1852 utar)
1244 1789 1342 1853 quam

195 1895 283 1941 mere
311 1873 531 1960 polybiauam,
564 1897 603 1940 ex
626 1876 746 1958 altera,
786 1896 883 1958 quarn
913 1895 1002 1941 mere
1029 1874 1269 1957 annalistioam‚
1303 1899 1343 1943 ex

195 1982 303 2062 tertia,
326 1999 424 2065 quarn
446 1980 497 2047 his
519 1980 645 2047 duabus
668 1980 816 2064 partibus
848 1980 934 2045 inter
968 2001 1003 2047 se
1027 1983 1205 2070 conjunctis
1224 1989 1258 2049 et
1290 2005 1342 2049 co·

196 2088 413 2173 augmentatis
434 2108 535 2174 genus
556 2087 718 2154 scribendi
741 2090 876 2153 mixtum
899 2088 1107 2174 appellabant
1119 2089 1157 2174 ²).
1189 2088 1266 2156 'Sed
1288 2112 1342 2175 ge·

195 2217 256 2264 nna
276 2195 358 2262 illud
378 2195 515 2264 mnam
541 2195 670 2262 omnino
696 2194 774 2261 ferri
796 2216 861 2261 non
883 2215 977 2279 posse
1005 2199 1072 2282 jam
1093 2195 1170 2262 inde
1189 2203 1342 2282 apparet,

195 2304 281 2390 quod
310 2304 350 2370 iis
374 2308 502 2369 tantum
524 2302 603 2369 locis
626 2304 760 2369 inveniri
783 2308 907 2387 potest,
941 2303 998 2387 qui
1027 2327 1100 2369 cum
1129 2306 1270 2372 maxima
1303 2330 1343 2373 ex

195 2417 288 2497 parte
317 2405 486 2497 Polybium
515 2415 663 2478 autorem
699 2411 869 2477 ¹rideantur
896 2413 1005 2495 sequi,
1044 2413 1204 2480 nonnullis
1235 2405 1342 2504 rebus,

195 2519 297 2603 iisque
320 2517 427 2602 falsis,
451 2539 491 2584 ex
512 2517 683 2584 annalibus
704 2518 884 2603 ,desumptis
907 2520 1010 2603 magis
1033 2519 1219 2604 depravati,
1246 2544 1342 2607 quam

197 2627 334 2695 correcti
356 2632 447 2710 sunt3
485 2626 572 2713 quod
592 2631 700 2694 autem
723 2647 886 2713 nunquam
908 2628 987 2710 loci,
1017 2628 1051 2694 iu
1080 2630 1262 2697 universum
1285 2655 1343 2698 an-

195 2732 316 2799 nalium
356 2733 451 2803 modo
482 2732 675 2816 conscripti,
710 2753 749 2798 ex
778 2732 974 2817 pragmatio·
988 2732 1168 2817 Polybiane
1196 2738 1283 2802 aucti
1310 2747 1343 2803 ot

194 2839 384 2927 amplificati
404 2845 492 2909 sunt.
534 2840 697 2906 Videbant
718 2840 779 2907 hoo
803 2841 945 2926 antiqui,
968 2841 1025 2907 sed
1047 2843 1250 2910 mirabantur
1272 2851 1342 2911 tan·

194 2954 281 3031 tum,
314 2948 401 3034 quod
436 2948 525 3015 Livio
548 2944 690 3016 studium
723 2948 855 3031 fuisset,
893 2949 984 3015 falsis
1022 2952 1275 3020 narratiunculis
1309 2962 1342 3021 et

195 3055 323 3124 labellis
354 3058 573 3122 narrationem
597 3056 723 3143 Polybii
745 3054 973 3139 maculandi⁸).

280 3165 465 3233 Accedebat
487 3165 528 3235 od
551 3165 638 3232 hunc
661 3184 805 3232 errorem
833 3166 927 3232 alius.
954 3163 1053 3231 Liber
1073 3164 1120 3229 III
1142 3165 1227 3230 enim
1249 3163 1342 3249 Poly·

195 3275 242 3342 bii
264 3281 298 3341 et
319 3273 578 3339 lnxxl-xxn
599 3274 680 3341 Livii
704 3296 775 3340 oum
799 3274 860 3341 soli
882 3274 999 3359 integli
1022 3280 1129 3341 essent
1151 3274 1342 3353 conservati,

196 3382 357 3467 aptissimi
384 3381 588 3468 putabantur
617 3382 658 3449 ad
691 3382 953 3467 comparandum.
1009 3383 1055 3446 Et
1074 3388 1162 3449 recte
1195 3383 1340 3467 quidem,

189 3490 254 3559 sed
276 3490 311 3557 in
332 3510 371 3556 eo
395 3489 561 3573 errabant,
584 3488 670 3575 quod
693 3491 827 3556 eandem
850 3491 1024 3572 rationem,
1055 3511 1151 3575 quam
1173 3491 1207 3555 in
1230 3490 1280 3556 his
1299 3491 1341 3556 li·

196 3599 263 3665 bris
286 3599 386 3664 otiam
417 3599 450 3662 in
472 3599 589 3664 ceteris
621 3598 707 3664 inter
738 3599 819 3664 duos
841 3599 914 3664 illos
944 3599 1118 3683 scriptores
1141 3599 1341 3665 intercedere

268 3762 297 3833 2)
315 3763 414 3817 Lucas,
432 3763 452 3817 1.
469 3762 489 3816 l.
507 3780 534 3832 p.
557 3765 614 3818 17.;
640 3763 735 3821 Livius
752 3766 801 3819 aut
815 3780 860 3817 res
884 3780 902 3819 a
918 3762 1034 3832 Polybio
1051 3767 1177 3819 narratas
1200 3763 1248 3833 iis,
1272 3782 1342 3833 quaa

196 3855 270 3929 apud
288 3855 427 3916 annalium
445 3855 595 3925 scriptores
611 3857 790 3926 legebantur,
810 3856 1002 3926 amplificavit,
1027 3861 1077 3915 aut
1102 3857 1187 3913 artius
1211 3875 1258 3913 aas
1275 3875 1340 3915 oon-

194 3947 287 4006 traxit.
328 3947 378 4004 cir.
399 3947 432 4005 0.
450 3948 578 4014 notzer,
596 3950 632 4005 de
656 3949 747 4005 (laelio
771 3949 864 4018 Antip.
883 3967 911 4018 p·
928 3954 974 4004 46.
1017 3947 1147 4006 Similiter
1166 3950 1284 4020 judicat.
1310 3952 1341 4008 C.

195 4041 284 4096 Peter.
302 4039 322 4094 1.
340 4039 359 4095 l.
377 4058 405 4110 p.
425 4042 470 4096 73.
749 4114 751 4119 Δ

269 4133 296 4203 3)
315 4131 411 4201 Delus,
428 4132 457 4187 in
475 4131 593 4203 epistola
602 4133 786 4190 bibliothecas
798 4133 944 4190 universali
956 4134 1057 4190 Genea.
1071 4137 1149 4189 1819.
1168 4134 1204 4199 Π,
1222 4135 1341 4205 p.50sq.

194 4225 277 4280 insita
295 4224 466 4295 (Lachmann
474 4225 509 4291 II,
520 4226 580 4295 91):
598 4227 643 4281 En
661 4226 773 4298 general
786 4224 837 4296 j'ai
855 4227 998 4296 semeique
1014 4227 1084 4282 dans
1101 4227 1128 4280 le
1146 4226 1217 4297 petit
1224 4229 1342 4285 nombre
1450 4301 1453 4306 Ι

195 4319 232 4373 de
250 4318 388 4389 ohspitres
407 4319 442 4374 ds
460 4320 523 4375 Tite
540 4320 623 4391 Line,
640 4337 694 4390 que
708 4317 758 4390 j'ai
776 4337 810 4376 en
829 4320 957 4376 occasion
975 4320 1010 4374 ds
1028 4336 1172 4390 comparer
1187 4338 1255 4377 avec
1271 4339 1342 4377 ceux

194 4412 231 4469 de
248 4411 363 4482 Polybo,
381 4426 434 4480 que
451 4416 541 4468 tontes
559 4414 600 4469 les
618 4413 683 4478 lois.
701 4430 753 4484 que
770 4415 798 4468 le
816 4414 936 4484 premier
952 4418 1055 4468 auteur.
1066 4430 1101 4468 en
1119 4414 1233 4484 sopiant
1254 4416 1282 4469 le
1299 4433 1340 4470 aa·

194 4504 280 4569 cond,
303 4503 436 4574 yajoutait
459 4522 494 4560 on
518 4524 535 4575 y
553 4505 684 4577 ohangmt
700 4507 818 4576 quelque
838 4508 934 4576 obora,
960 4506 981 4559 il
998 4522 1029 4560 ss
1046 4507 1163 4561 mettsit·
1180 4524 1215 4562 en
1232 4510 1342 4564 contra·

194 4596 297 4654 dimisa
315 4613 381 4654 aveo
398 4598 435 4653 lui
454 4598 559 4671 mima,
576 4619 612 4657 ou
630 4600 650 4655 il
670 4616 705 4655 en
723 4598 847 4657 resultsit
866 4600 984 4669 quelque
1004 4599 1153 4656 absurditd.
