3184 5325
787 429 825 492 11

232 601 409 690 Hispanico
431 608 466 668 at
485 600 618 669 Africae
639 602 814 676 continent.
838 620 924 686 quae
935 596 1069 687 Polybio
1089 599 1253 671 simillime
1275 619 1379 691 nequo

233 715 343 774 nmen
357 717 465 774 exten
486 705 660 789 desumpta
680 705 830 786 diximus,
854 725 914 770 nos
935 711 1169 774 convertamus.

322 812 531 897 ltprimum
553 811 702 897 quidem,
736 813 764 878 si
786 813 991 880 narrationes
1020 833 1128 880 rerum
1154 815 1189 880 in
1210 815 1261 882 his
1282 820 1380 884 terris

233 928 398 1008 matarum
420 921 674 1007 perlustramus,
693 916 872 988 ‘haeremm
893 922 927 988 in
948 921 1033 990 libro
1053 923 1153 1005 XXV,
1174 946 1201 991 c.
1225 930 1379 992 32-33,

233 1029 362 1096 Etenim
384 1051 457 1096 cnm
479 1030 513 1096 in
535 1027 597 1095 hoe
617 1027 702 1095 libro
730 1049 784 1094 ras
817 1029 852 1094 in
873 1028 969 1096 Italis
1000 1035 1111 1114 gestae
1141 1033 1379 1100 accuratissime

232 1136 451 1222 explicantur,
473 1134 664 1206 nominibus.
681 1136 866 1219 regionum,
897 1135 1045 1218 urbium,
1075 1137 1218 1205 vicorum
1241 1139 1379 1222 additis3

231 1244 348 1312 mirum
371 1248 528 1328 quantum
551 1262 662 1310 aerum
684 1262 793 1308 rerum
809 1243 842 1306 in
852 1241 1011 1327 Hispania
1033 1244 1077 1310 sit
1098 1245 1267 1330 scriptoris
1288 1247 1378 1331 igno·

121 1359 124 1368 “
231 1352 348 1418 rantis.
392 1351 526 1417 Publius
548 1349 647 1434 igitur
670 1352 705 1414 et
727 1347 903 1432 Gn.Scipio
926 1348 1141 1432 exhiberem,
1164 1354 1379 1438 queeignota

231 1465 325 1539 sunt,
357 1458 624 1543 proficiscuntur3
645 1477 672 1522 c.
698 1461 750 1537 32,
776 1462 812 1533 1;
844 1456 928 1523 alter
950 1463 1065 1526 contre
1086 1458 1271 1546 Magonem,
1294 1462 1379 1528 alter

230 1573 343 1655 conus
363 1564 603 1634 Hasdrubalem
624 1562 848 1643 iterfecturus,
882 1585 964 1649 quoa
985 1565 1042 1632 ubi
1064 1574 1233 1635 versentur
1253 1568 1378 1653 ignoro·

229 1693 312 1755 mus,
333 1672 396 1740 nisi
409 1671 496 1756 quod
504 1670 673 1756 Magonem
681 1669 823 1754 quinque
835 1668 959 1742 dierum
967 1671 1032 1740 iter
1053 1671 1378 1758 abesseandimus⁸t

230 1778 364 1848 Publius
397 1784 504 1845 autem
528 1799 549 1844 a
570 1777 687 1850 Poenis
721 1777 959 1844 circumventus
986 1798 1059 1844 oum
1083 1781 1227 1848 exercitu
1250 1781 1378 1850 deletur

230 1886 342 1971 paneis
371 1884 515 1971 perfugis
546 1883 669 1954 relictis
691 1905 718 1951 o.
744 1887 805 1963 35,
832 1887 883 1963 15;
921 1901 1026 1970 neque
1048 1884 1183 1968 dicitur,
1207 1908 1272 1972 quo
1293 1888 1377 1956 loco.

230 1994 349 2064 033133
371 2000 484 2062 contre
505 1994 548 2062 ab
571 1992 724 2076 Hisponis
746 1991 940 2060 destistutus
963 2013 997 2058 se
1019 1993 1148 2077 recipit,
1172 2016 1279 2081 noque
1300 1997 1379 2063 dioi-

229 2108 301 2184 tur,
328 2103 362 2168 in
383 2123 481 2187 quem
501 2101 685 2186 regionem,
717 2099 817 2164 Poeni
838 2117 910 2166 eum
933 2100 1092 2183 persecuti
1115 2101 1378 2184 circumveniunt,

232 2231 336 2295 reque
359 2210 486 2291 dicitur,
511 2209 679 2294 qooloco.
704 2228 733 2272 c.
757 2212 911 2272 33-36.
963 2208 1056 2276 Nunc
1078 2208 1206 2276 demum
1229 2233 1257 2278 c
1281 2216 1333 2292 31,
1357 2218 1378 2278 3

229 2319 388 2401 andimus,
408 2318 536 2388 Poenos
547 2317 704 2410 Hiberum
718 2317 896 2397 transiisse,
917 2315 1002 2380 unde
1024 2323 1171 2401 apparet,
1195 2339 1279 2404 qnae
1301 2327 1379 2388 onte

231 2433 365 2498 narrate
388 2429 506 2508 erant,
519 2426 552 2492 in
575 2425 728 2501 ulteriore
750 2423 908 2514 Hispania
930 2430 1024 2508 gesta
1045 2445 1135 2507 esse;
1157 2426 1299 2498 Marcius
1321 2452 1377 2498 au·

228 2543 428 2620 temesess
449 2534 626 2615 Romeuns,
649 2553 750 2618 perro
773 2533 915 2598 exercitu
938 2532 1072 2600 collecto
1094 2535 1235 2619 primum
1251 2538 1378 2606 Poenos

228 2667 250 2711 a
271 2643 358 2731 vallo
379 2649 524 2726 oneror,
546 2648 617 2713 tam
640 2664 703 2711 una
727 2647 823 2711 nocte
844 2641 910 2709 duo
931 2648 1040 2711 castre
1062 2642 1240 2713 Poenorum
1266 2647 1375 2734 oppri-

228 2753 468 2837 miscentque,
492 2752 545 2819 vix
566 2752 680 2821 nuntio
703 2750 805 2817 cladis
828 2750 951 2816 relicto.

319 2861 436 2944 Itaque
456 2860 545 2925 iutra
566 2864 690 2944 septem
723 2859 865 2942 capitum
893 2859 1035 2944 spatium
1058 2881 1168 2929 omnes
1189 2863 1290 2931 Poeni
1313 2887 1377 2933 nou

228 2968 334 3035 miuus
355 2968 473 3037 minere
492 2967 679 3052 perierunt,
709 2986 806 3052 quam
828 2967 982 3050 Romani,
1012 2988 1072 3037 nos
1103 2976 1212 3037 sutem
1242 2995 1314 3039 cum
1337 2996 1377 3042 ex

229 3082 300 3147 tom
321 3075 555 3160 descriptione,
590 3082 658 3142 tum
682 3096 723 3143 ex
744 3076 784 3143 iis
808 3097 893 3160 quae
923 3083 1121 3160 sequuntur,
1161 3082 1377 3164 suspicionem

228 3184 383 3268 nmmos,
402 3204 455 3251 res
477 3203 542 3251 non
563 3182 610 3249 ite
631 3188 740 3266 gestas
761 3203 843 3264 esse,
864 3184 1069 3251 sicutLirins
1091 3186 1240 3274 narrot⁹)
1285 3188 1375 3255 Haec

229 3291 342 3359 omnia·
371 3292 455 3357 enim
490 3311 607 3374 magno
641 3291 812 3361 verborum
845 3291 1017 3376 splendore
1044 3300 1162 3361 oruata
1183 3302 1282 3380 etque
1303 3303 1377 3364 arte

229 3398 393 3466 rhetorica
415 3396 559 3482 expolita
590 3397 677 3463 inter
708 3398 943 3481 pulcherrimos
978 3401 1085 3484 operis
1106 3401 1232 3469 Liviani
1265 3410 1378 3487 portes

229 3507 436 3587 referentum
466 3510 565 3590 atque
586 3505 715 3571 videtur
737 3506 876 3590 scriptor
898 3530 937 3572 ex
958 3506 1019 3574 hac
1041 3510 1242 3593 narratione,
1266 3533 1377 3596 quem·

227 3634 325 3700 quam
363 3612 449 3679 omui
486 3613 653 3697 regionum
690 3612 876 3683 definitione
906 3618 941 3681 et
971 3635 1081 3682 rerum
1113 3617 1199 3683 inter
1221 3638 1256 3684 se
1289 3639 1373 3686 nexu

226 3728 326 3803 earet,
350 3723 443 3805 quasi
464 3721 617 3806 gaudium
639 3721 801 3805 quoddam
823 3723 1071 3809 percepissem).

300 3895 332 3960 3)
348 3891 472 3959 Accedit,
490 3891 563 3960 qnod
581 3893 657 3947 loeus
675 3909 731 3947 non
749 3892 785 3947 rb
803 3894 881 3947 omni
903 3894 1028 3964 gravium
1046 3897 1202 3966 oomuptele
1219 3902 1312 3968 vacet,
1330 3881 1379 3955 'sio

228 4006 254 4044 e.
272 3990 316 4051 32,
336 3990 353 4040 2
372 4003 423 4056 pro
445 3984 519 4040 ›lbi‹
540 3986 619 4040 melia
636 4002 737 4041 nomen
755 3987 832 4043 urbis
850 3988 921 4059 legi3
948 3993 1058 4060 poteras
1076 3989 1110 4044 de
1133 3990 1212 4046 »Ide«
1231 3992 1275 4046 vel
1296 3993 1376 4048 »Ibe«

226 4080 270 4149 (ln.
289 4079 421 4145 xxvm,
439 4080 491 4143 al,
510 4078 539 4147 7)
557 4080 694 4150 cogitare,
723 4080 807 4135 etiam
825 4081 980 4153 Amtorgis,
1001 4100 1025 4139 e.
1044 4086 1095 4147 32,
1112 4086 1143 4146 3,
1174 4085 1215 4138 rel
1235 4086 1378 4158 Antorges,

226 4192 251 4228 c.
263 4177 306 4243 32,
325 4190 381 4228 nou
399 4175 493 4242 potest
510 4176 585 4227 recta
602 4171 716 4243 haber03
734 4190 847 4243 prorsus
864 4180 995 4246 corrupto
1007 4180 1072 4231 sunt
1089 4192 1112 4232 o.
1123 4180 1168 4247 33,
1187 4181 1267 4234 2-3.
1284 4180 1377 4235 Etiam

170 4320 173 4325 .
225 4266 299 4322 retio
317 4265 497 4337 belligerandi
516 4282 541 4321 o.
560 4267 604 4332 32,
620 4269 694 4321 4·-3
711 4273 741 4322 et
759 4271 803 4331 32,
826 4271 932 4324 locon
950 4269 1123 4340 perspicitur.

296 4363 325 4431 3)
343 4361 385 4416 De
414 4359 624 4416 difficultatibus
648 4359 849 4434 chronologicis
876 4362 956 4419 huius
974 4363 1028 4419 loni
1046 4362 1095 4419 eir.
1114 4364 1147 4421 U.
1166 4365 1280 4434 Becker,
1309 4368 1376 4423 Vor·

225 4454 348 4510 arbeiten
366 4471 399 4508 nu
417 4453 493 4509 einer
510 4451 676 4508 Geeohiohts
693 4453 742 4508 des
767 4447 831 4510 iton
850 4453 999 4526 puniachen
1016 4456 1132 4531 Krieges
1150 4457 1190 4527 (in
1208 4457 1377 4516 Dshlmenns

224 4547 418 4617 merseburgen
433 4546 470 4615 11,
489 4544 534 4615 2);
552 4565 580 4617 p.
599 4549 754 4603 115-114.

299 4641 344 4710 10)
362 4640 424 4698 Non
442 4629 501 4696 sine
519 4640 609 4710 alique
626 4640 749 4698 veritatis
766 4641 858 4715 specie
877 4641 1028 4715 Claudium,
1047 4643 1093 4713 qui
1111 4642 1228 4704 dundee
1241 4644 1377 4704 Acilianos
