3184 5325
92 658 222 740 9-*113
245 655 391 722 deludis
412 653 568 722 faciendis
590 671 618 720 c.
645 657 701 736 ll,
731 656 857 719 11-14
878 654 1040 737 permixta
1069 671 1096 720 o.
1115 657 1240 722 10-12

92 764 282 845 afferuntur,
306 763 369 829 uisi
390 783 432 828 ex
448 761 626 828 annalibus
649 761 820 845 desumpta
842 781 914 827 esse
937 761 1003 827 uon
1024 767 1172 846 possunt.

164 871 202 938 Iu
224 872 310 937 libro
319 870 435 951 XXIX,
451 889 480 936 o.
505 871 545 934 12
561 868 727 954 Polybium
750 869 821 936 sine
838 867 1187 953 dubiosequiturLiv.;
1208 892 1235 936 c.

94 977 271 1054 12,leuim
284 975 378 1041 dloit:
403 974 591 1059 „neglectae
614 994 649 1040 co
672 974 798 1040 bienne'o
818 994 870 1040 res
892 975 926 1039 in
949 973 1086 1040 Graecia
1107 980 1239 1060 eraut3“

91 1084 126 1150 iu
147 1084 265 1168 quibus
286 1083 394 1151 verbis
418 1083 564 1149 homines
585 1082 672 1149 docti
701 1082 891 1162 haeserunt,
919 1083 997 1166 quia
1023 1082 1150 1149 Livium
1183 1103 1238 1147 res

92 1211 178 1259 anuo
200 1197 264 1257 207
286 1193 320 1258 iu
343 1191 484 1258 Graecia
503 1194 614 1274 gestas
635 1189 794 1271 XXVIII,
817 1194 837 1254 5
870 1212 920 1274 sq.
944 1190 1095 1256 riderent
1121 1211 1239 1256 narra-

92 1301 179 1367 visse
202 1305 301 1383 atque
322 1300 413 1366 inter
431 1298 506 1365 illas
527 1318 581 1363 res
602 1304 636 1365 et
656 1318 724 1378 eas,
747 1301 832 1381 qaae
850 1301 916 1382 Jam
939 1293 1129 1382 afferuntur,
1150 1298 1240 1364 bien·

91 1409 182 1473 nium
194 1408 395 1475 iuteroedere
409 1412 576 1492 negarent.
600 1406 664 1473 Sed
678 1406 843 1490 Polybius,
858 1405 893 1471 ui
908 1405 1013 1487 fallor,
1025 1428 1079 1473 res
1092 1406 1238 1488 XXVIII,

95 1519 115 1580 5
140 1536 161 1581 a
182 1514 272 1582 Livio
295 1521 446 1581 narratas
469 1516 504 1580 in
526 1519 731 1580 noeumane
753 1513 952 1598 contulerat3
974 1511 1083 1580 livius
1097 1533 1170 1582 eum
1189 1534 1240 1579 se-

95 1626 191 1688 cutus
212 1623 247 1689 iu
272 1623 367 1689 aunis
396 1622 620 1706 computandis
641 1620 784 1704 paullum
815 1621 948 1686 erravit.
992 1620 1055 1686 Sed
1085 1639 1157 1687 cnm
1178 1621 1238 1686 Po·

93 1729 201 1814 lybius
230 1749 283 1796 res
313 1728 430 1795 duobis
451 1729 544 1795 aubis
557 1731 561 1738 '
574 1737 682 1811 gestas
714 1729 842 1810 semper
862 1729 896 1793 iu
925 1747 1024 1793 unum
1045 1728 1239 1795 contrahere

91 1837 212 1919 soleat,
242 1838 323 1903 haeo
351 1838 424 1921 ipsu
456 1836 720 1904 commemoratio
748 1836 870 1900 biennii
898 1834 939 1900 ad
960 1853 1043 1901 ¹eum
1075 1836 1239 1919 pertinere

91 1945 229 2012 videtur.
251 1945 359 2011 Etiam
366 1965 455 2027 ocra,
463 1947 559 2029 qoam
570 1944 639 2009 Liv.
652 1964 681 2010 c,
696 1945 746 2022 13,
762 1946 780 2008 3
803 1945 837 2008 iu
860 1944 1011 2010 civitates·
1027 1944 1169 2010 Graecas
1186 1943 1242 2009 vel

93 2053 243 2118 minimas
268 2053 505 2120 enumerandas
527 2052 683 2134 contulit,
711 2053 795 2133 alia,
818 2052 987 2137 Polybium
1008 2053 1130 2119 iontem
1152 2052 1240 2117 indi«

92 2165 181 2241 caut,
202 2181 243 2226 ue
264 2160 306 2226 de
329 2179 370 2227 so
389 2159 506 2240 dicam,
528 2159 616 2243 quod
630 2160 666 2223 in
688 2157 1098 2245 rebus'Graeois'Polybius
1110 2179 1242 2243 semper

90 2272 279 2352 usurpatur.
422 2267 426 2278 '
947 2287 949 2292 ’
981 2311 984 2316 -
1011 2289 1013 2294 ’
1234 2297 1237 2308 ·

180 2371 270 2449 Quae
284 2369 404 2437 deinde
416 2369 579 2451 LXXIX,
595 2371 776 2450 Ι1114113
795 2369 836 2436 de
858 2370 1031 2453 prouinciis
1053 2369 1237 2438 distributis

89 2499 118 2546 c.
143 2483 193 2559 13,
215 2478 257 2544 de
278 2477 433 2562 prodigiis
456 2498 483 2542 c.
513 2481 562 2556 14,
579 2482 683 2541 ·l-4.
707 2476 1238 2558 deMameIdaeao144b-14;

90 2585 275 2671 deponitis
298 2585 431 2652 coloniis
463 2606 493 2651 c.
525 2589 582 2668 15,
613 2585 655 2652 de
675 2585 849 2651 reddendis
881 2586 1025 2670 pecuniis
1055 2587 1176 2652 mutuis
1193 2591 1235 2651 o.

5 2736 13 2749 ·
94 2700 146 2778 13,
170 2698 256 2761 1-4
276 2694 465 2776 afferuntur,
488 2693 661 2760 annalibus
681 2694 854 2761 debentur.

179 2803 323 2869 Tandem
346 2823 373 2867 c.
398 2805 439 2867 23
461 2802 571 2868 Livius
598 2801 685 2868 redit
714 2801 757 2867 ad
779 2800 940 2884 Scipionis
970 2800 1107 2883 bellom,
1138 2809 1237 2886 atque

93 2912 128 2976 iu
149 2926 244 2996 capp.
268 2909 399 2995 quidem
423 2910 552 2975 23-24
574 2909 687 2976 eodem
709 2910 799 2974 fonte
821 2909 938 2990 utitur,
952 2928 1016 2992 quo
1038 2909 1101 2977 inl.
1119 2909 1236 2991 XXIX,

92 3021 187 3084 3·-i.
233 3016 458 3083 Omuia'enim
479 3037 564 3100 quae
582 3020 650 3102 jam
671 3022 863 3098 narramur,
895 3036 967 3082 cum
988 3017 1029 3082 iis
1052 3017 1093 3084 de
1114 3018 1232 3102 quihus

91 3129 163 3193 tum
182 3123 342 3209 agebatur
362 3123 460 3189 rebus
483 3125 690 3191 consentiunt
712 3130 811 3207 atque
821 3126 864 3189 ad
878 3125 1131 3209 easrespioiuut.
1172 3126 1233 3210 Sy·

90 3230 178 3316 phas
197 3231 299 3314 igitur
319 3231 357 3295 L.
379 3230 496 3311 XXIX,
519 3233 573 3310 23,
598 3235 617 3295 2
640 3230 758 3296 dubiae
778 3230 855 3297 fidei
877 3237 937 3308 est,
960 3233 1045 3298 siout
1066 3231 1102 3296 L.
1118 3232 1234 3315 XXIX,

91 3343 122 3420 3,
157 3341 229 3416 lde
251 3337 293 3405 ad
318 3343 519 3407 commum
541 3337 700 3422 Scipionis
729 3343 764 3404 et
783 3338 998 3405 Hasdrubalis
1029 3340 1064 3404 in
1092 3340 1235 3425 hospitio

91 3446 258 3532 Syphacis,
280 3446 324 3511 de
344 3467 409 3530 quo
430 3445 578 3527 XXVIII,
606 3452 643 3511 17
668 3447 789 3513 dictum
812 3452 902 3529 erat,
924 3448 1107 3531 respicitur,
1117 3447 1232 3531 XXIX,

92 3559 146 3637 33,
170 3559 200 3636 3,
223 3554 345 3634 addito,
381 3557 467 3639 „jam
489 3557 584 3620 ante“
607 3559 774 3621 mamalum
808 3575 897 3636 esse,
928 3555 974 3621 ibi
1003 3555 1088 3623 forte
1119 3557 1235 3623 eodem

3 3648 4 3653 ¹
88 3670 234 3749 tempore
260 3684 301 3729 ex
320 3661 478 3747 Hispania
500 3661 681 3747 ScipIouem
710 3669 745 3730 et
766 3663 1006 3729 Hasdrubalem
1026 3666 1231 3747 convenisse3

90 3771 212 3854 XXIX,
236 3776 295 3852 23,
325 3775 344 3835 6
366 3771 565 3837 Hasdrubali
592 3779 680 3837 recte
701 3772 735 3837 iu
757 3777 899 3838 mentem
919 3771 1021 3854 venit,
1043 3772 1141 3838 etiam
1164 3772 1234 3839 Soi-

88 3879 177 3963 pioni
207 3900 276 3946 esse
297 3877 411 3944 foedus
434 3900 506 3944 oum
528 3879 682 3963 Syphace,
706 3879 793 3963 quod
827 3879 974 3960 XXVIII,
1007 3882 1069 3961 18,
1098 3882 1140 3946 12
1164 3884 1234 3948 ‘uuo

90 3988 159 4054 fere
181 3987 279 4054 verbo
293 3992 586 4054 commemoratum
609 3988 705 4069 erati
724 3987 839 4069 XXIX,
863 3991 916 4070 23,
940 3989 1093 4054 Sitemm
1112 3991 1232 4057 mentio

87 4095 136 4177 rit,
158 4095 342 4179 Scipionem
361 4095 396 4173 iu
412 4092 567 4180 Syphacis
589 4095 730 4179 hospitio
753 4112 825 4161 cum
847 4094 1055 4162 Hasdrubale
1085 4115 1231 4181 congres-

87 4223 159 4271 sum
181 4222 262 4271 esse.
307 4201 645 4285 omiserimus,
669 4207 688 4268 1
711 4202 907 4286 colloquium
928 4202 1137 4269 Massinissao
1159 4224 1232 4273 curu

87 4309 198 4378 Laelio
221 4316 508 4393 commemoratur,
536 4310 616 4395 quid
639 4309 831 4378 Massinissa
860 4333 880 4375 a
905 4310 1054 4394 Scipione
1083 4312 1241 4395 postula-2

88 4420 187 4502 verit,
218 4420 260 4487 de
283 4440 348 4503 qua
369 4441 406 4486 re
450 4420 573 4501 XXIX,
597 4425 627 4504 4,
649 4424 668 4483 8
690 4419 806 4485 iisdem
828 4420 897 4485 fere
917 4421 1025 4486 verbis
1040 4414 1149 4487 actium
1170 4427 1229 4487 est.

86 4525 202 4611 Itaque
222 4527 305 4594 haec
324 4527 391 4597 duo
412 4530 522 4612 capita
545 4534 580 4597 et
601 4528 763 4597 anteriore
795 4548 880 4595 nexu
909 4533 943 4593 et
973 4528 1129 4597 interiore
1157 4548 1229 4593 eum

84 4636 171 4703 iuter
195 4658 239 4718 se,
266 4642 335 4704 tum
358 4658 431 4703 cum
453 4658 491 4702 so
514 4637 613 4719 fonte,
637 4658 730 4722 quem
754 4637 787 4701 in
809 4636 972 4720 prioribus
995 4637 1154 4721 Scipionis
1178 4658 1231 4702 ex·

901 4752 946 4814 3*
