3184 5325
648 380 687 440 19

99 585 142 604 v·
176 547 286 615 Livius
307 551 422 613 contra
442 567 483 614 ue
506 547 559 613 hic
587 546 717 630 quidem
738 545 848 628 addit,
869 545 967 613 duoes
990 546 1239 634 Carthaginien·

84 655 188 737 sium,
210 655 309 721 fuisse
328 653 505 735 discordes,
528 674 633 738 neque
655 653 788 720 consilis
809 654 1028 722 Hasdrubalis
1047 656 1176 723 novisse
1198 655 1242 721 ri·

83 761 203 840 detur,
227 782 312 845 quae
333 761 418 827 tanti
447 767 525 827 sunt
547 760 716 841 momenti,
733 765 771 825 ut
793 780 854 827 sua
875 767 993 844 sponte
1013 763 1133 829 omissa
1162 779 1242 845 esse,

85 890 188 936 nemo
219 869 305 938 serio
334 867 521 935 contendat.
553 867 677 933 Narrat
698 865 828 949 deinde,
852 868 1011 934 exercitus
1040 869 1104 934 iter
1125 868 1242 934 iacien-

86 982 144 1043 tes
167 976 382 1043 sibicbriam
404 976 654 1059 venissentque
698 996 771 1041 cum
801 975 929 1059 proelio
957 976 1127 1043 commisso
1150 977 1243 1060 eqni·

87 1090 143 1151 tes
165 1084 346 1151 Poenorum
365 1084 580 1164 vincerentur,
605 1083 712 1166 ipsum
723 1081 961 1148 Hasdrubalem
974 1083 1017 1149 ad
1035 1089 1145 1150 castra
1156 1103 1243 1151 eom-

88 1191 270 1258 munieuda
298 1199 445 1257 coactum
475 1211 563 1272 esse3
607 1190 743 1272 XXVII,
781 1194 833 1271 18,
869 1194 975 1272 3«4’;
1008 1194 1098 1277 cujus
1128 1191 1243 1276 proelii

88 1300 239 1385 gravitm
261 1320 350 1365 more
372 1297 537 1364 annalium
560 1302 707 1382 augetur
750 1295 880 1376 XXVII,
906 1301 956 1378 18,
981 1299 1068 1364 1-3
1090 1296 1242 1379 (clr.Nis·

89 1429 154 1474 seu
187 1428 219 1491 p.
253 1408 309 1491 94)
341 1406 522 1489 Descriptio
552 1406 633 1470 situs
667 1411 848 1470 castrorum
870 1424 898 1469 c.
925 1407 974 1485 18,
999 1409 1084 1469 5-1
1106 1423 1241 1489 prorsus

89 1515 160 1580 alia
183 1520 244 1594 est,
265 1510 363 1599 quarn
385 1513 472 1597 apud
493 1512 660 1599 Polybium
673 1512 725 1598 11).
771 1512 881 1595 Scipio
904 1517 1013 1578 autem
1030 1512 1113 1579 duas
1126 1512 1239 1579 cobor-

91 1627 146 1688 tes
170 1622 287 1702 mittit,
310 1620 456 1701 alteram,
487 1640 570 1704 quae
599 1620 711 1685 lauces
733 1618 890 1702 quasdam
919 1619 953 1684 in
976 1624 1068 1704 tergo
1091 1620 1242 1702 hostium,

91 1729 244 1809 alteram,
268 1749 353 1814 quae
373 1727 458 1793 riam
480 1726 523 1792 ad
545 1726 660 1792 urbem
681 1725 855 1791 Baeculam
886 1726 1043 1792 ferentem
1076 1726 1242 1807 insideret,

91 1857 202 1922 neque
230 1835 380 1916 additur,
409 1833 571 1918 quomodo
593 1833 715 1900 tactum
751 1833 816 1913 sit,
845 1838 883 1898 ut
907 1832 1004 1899 Poeni
1026 1833 1111 1899 hune
1133 1833 1243 1900 dolum

93 1964 161 2010 non
191 1943 351 2009 senserint
382 1964 409 2008 c.
444 1945 505 2022 18,
538 1944 589 2005 10.
620 1942 648 2005 Α
678 1940 786 2005 ironte
816 1960 891 2006 vero
918 1939 1021 2006 levem
1044 1948 1244 2009 armaturam

93 2051 221 2132 mittit,
245 2051 300 2135 qui
322 2050 459 2134 impigre
481 2049 640 2130 subeunt,
664 2069 748 2132 qnae
770 2068 880 2132 pugna
905 2049 972 2114 ritu
993 2051 1158 2115 annalium
1181 2071 1244 2135 op-

93 2160 174 2225 time
197 2157 402 2228 describitur.
456 2178 484 2223 c.
508 2159 571 2237 18,
608 2160 650 2222 10
697 2159 748 2221 14.
793 2158 902 2240 Atque
932 2157 966 2223 11
996 2163 1243 2241 procursatores

95 2267 241 2333 bostium
270 2266 413 2350 pellunt,
447 2265 525 2331 dum
558 2265 630 2348 ipse
651 2264 759 2350 Scipio
787 2285 899 2331 eorum
922 2266 1023 2331 aciem
1051 2267 1244 2333 instructam

95 2374 243 2457 (XXVII,
269 2379 318 2455 18,
346 2377 473 2438 16-20
494 2394 522 2437 e.
547 2374 597 2454 19,
626 2377 667 2454 1.)
691 2379 817 2460 atergo
841 2377 941 2457 atque
971 2373 1173 2440 stateribus
1196 2376 1244 2440 in·

92 2482 197 2564 radit,
219 2501 400 2566 magnaque
423 2487 532 2565 strage
553 2480 645 2545 edita
665 2481 761 2564 pauci
783 2500 863 2546 casu
885 2480 1038 2565 quodam,
1054 2487 1094 2547 ut
1102 2482 1243 2565 videtur,

97 2590 266 2676 effugiunt.
308 2590 441 2678 (Nissen
463 2611 496 2675 p.
521 2592 585 2675 91.)
628 2589 722 2655 Nune
742 2589 872 2655 demum
896 2612 922 2655 e.
948 2595 1000 2672 19,
1026 2591 1042 2653 l
1067 2589 1175 2656 Livius
1197 2589 1244 2657 di·

96 2700 162 2781 cit,
188 2699 426 2764 Hasdrubalem
456 2698 639 2782 Pyrenaeos
671 2696 823 2781 petiisse,
852 2716 891 2762 ac
918 2694 1049 2776 XXVII,
1074 2701 1126 2777 20,
1159 2703 1245 2763 1-8

95 2805 230 2873 demum
252 2806 292 2871 de
313 2805 531 2871 Hasdrubalis
553 2802 686 2870 consilio
708 2803 743 2867 in
764 2801 895 2869 Italiam
906 2802 1129 2887 proficiscendi
1140 2822 1246 2887 pauca

103 2914 266 2981 audimus.
312 2914 360 2997 (L.
383 2913 484 2995 XXV,
506 2917 558 2994 32,
583 2916 602 2977 3
625 2911 681 2977 111
704 2911 744 2977 de
766 2917 861 2994 patre
871 2918 905 2978 et
920 2911 1075 2978 avunculo
1087 2910 1246 2997 Scipionis

100 3016 230 3108 agitur,
254 3044 314 3097 suo
332 3025 405 3108 jure
427 3042 492 3088 non
515 3020 790 3106 commemoravi).

186 3131 341 3197 Narratio
353 3131 462 3210 etiam,
480 3150 566 3214 quae
586 3129 624 3193 L.
637 3127 767 3209 XXVII,
782 3128 834 3209 11,
849 3129 955 3191 8—12
972 3125 1165 3194 deMassiva
1178 3120 1258 3195 Nu?

101 3239 190 3305 mida
210 3239 386 3322 inseritur,
408 3237 494 3320 apud
516 3235 688 3320 Polybium
710 3254 775 3301 non
797 3238 920 3315 exstat3
951 3233 1008 3299 sed
1039 3238 1106 3319 jam
1139 3235 1245 3303 Livius

103 3352 231 3433 quoque
253 3346 412 3431 Scipionis
434 3365 625 3429 responsum
647 3348 771 3423 namet,
793 3363 867 3408 curn
883 3362 902 3407 1
916 3341 1068 3408 barbaris
1087 3363 1145 3409 rex
1154 3352 1243 3410 esset

103 3455 292 3542 appellatus.
335 3454 445 3521 Livius
465 3451 595 3531 XXVII,
620 3453 671 3533 19,
696 3448 1049 3536 3--8.=1>01yb;x,
1074 3456 1125 3533 40,
1150 3456 1245 3519 2-5.

96 3638 103 3641 ,
189 3564 341 3631 Videmus
363 3564 480 3649 igitur,
504 3563 536 3629 in
558 3583 667 3647 pugna
689 3560 827 3626 maxime
850 3559 1063 3627 describenda
1083 3563 1245 3633 namatio*

103 3695 159 3743 aes
189 3674 361 3749 dissentire
371 3672 427 3757 ¹⁹),
458 3680 558 3756 atque
580 3671 706 3738 Livium
729 3668 859 3754 quidem
882 3669 1037 3735 nonnulla
1069 3668 1244 3753 addidisse,

149 3992 151 3997 ’
175 3982 221 4052 18)
238 3979 416 4049 1111111111
434 3983 585 4035 castrorum
594 3979 668 4051 apud
676 3978 785 4034 Livium
803 3995 828 4035 o.
846 3978 890 4041 18,
909 3978 981 4032 5-6
999 3975 1176 4049 munificator,
1191 3995 1248 4034 non

105 4089 213 4145 proram
230 4071 382 4143 perspici03
401 4071 511 4129 videtur
524 4072 602 4141 quasi
619 4070 808 4128 coambulatio
826 4067 962 4139 quaedam
979 4068 1097 4124 duarum
1121 4068 1247 4138 planime-

106 4185 163 4222 rum
182 4166 351 4236 (Terrasseu)
369 4165 493 4221 iudicari.
517 4165 571 4221 Sed
588 4182 623 4220 ue
639 4165 679 4220 sie
697 4162 824 4234 quidem,
841 4179 911 4232 quae
929 4160 965 4216 de
981 4159 1112 4217 inferiore
1128 4154 1244 4232 planitie

104 4265 134 4317 et
148 4258 183 4315 do
200 4260 323 4329 equitatu
340 4260 381 4315 ibi
397 4259 489 4332 posito
507 4264 663 4329 narrantur,
679 4263 756 4315 recte
773 4257 876 4313 habere
894 4255 1034 4312 videntur.

168 4353 222 4422 19)
238 4348 442 4415 &renuetur
459 4350 664 4423 abouis,·quod
681 4350 796 4405 laohm.
814 4349 850 4404 Π.
868 4366 897 4420 p.
915 4351 952 4404 49
969 4347 1055 4403 dIoit:
1076 4345 1173 4414 ‚pudo
1191 4346 1246 4401 dia

108 4448 199 4514 crepat
215 4442 275 4499 Lir.
293 4461 312 4499 a
326 4443 450 4515 Polybio,
468 4461 634 4514 quamquam
652 4442 737 4513 ipn’us
754 4457 863 4512 pugnae
882 4439 1096 4511 descriptionem
1114 4436 1151 4510 (1)
1170 4438 1246 4495 abeo

108 4534 241 4606 aceepit;“
260 4534 311 4592 sed
327 4535 356 4589 iu
373 4536 426 4591 hac
443 4536 628 4606 descriptione
646 4551 729 4604 quam
746 4535 865 4588 maxime
884 4532 1059 4588 dismntluut.

917 4631 963 4695 2*
